2570 4286
82 203 84 211 ,
188 129 203 274 ’1
284 183 341 254 ,52
555 157 732 242 u1r,1v.
783 157 890 268 cnr.
919 159 971 228 ιιι.

284 343 344 416 ubi
362 341 597 437 persuaserunt,
619 343 701 438 §.m
747 343 869 434 Neque
885 324 967 412 vero
980 311 1143 414 difficilius
1164 345 1233 418 fue-
1264 298 1265 376 l

283 449 348 530 rit,
370 445 528 536 rationem
550 443 707 525 reddere,
727 443 774 512 ob
789 465 884 535 quam
901 463 1014 538 puteus
1035 446 1086 514 ille
1109 448 1232 516 mensu-

175 602 178 610 ,
281 570 337 618 rae
355 545 611 640 Memphiticus,
638 551 749 634 Sacer,
763 566 873 637 ⁸utque
886 543 1115 638 sacerdotalis,
1131 551 1231 618 didius

281 646 478 740 habitusque
509 645 619 720 fiderit
691 649 768 732 Erat
800 647 887 718 enim
919 672 997 718 vere
1017 649 1131 739 facer,
1164 653 1231 720 Diis
1265 602 1266 688 l

281 751 427 843 quippe,
449 749 563 818 Nilum
580 750 704 820 uirtute
724 745 778 818 sua
799 749 1009 843 augentibus,
1034 773 1070 818 ac
1085 753 1229 820 omnium

280 851 423 922 maxime
443 847 587 944 Serapidi
608 847 833 920 consecratut.'
869 854 942 920 Erat
958 871 1068 942 porro
1090 848 1229 942 profanis
1266 908 1267 954 p

279 951 432 1043 omnibus
455 951 643 1034 inaccellus,
676 971 713 1022 et
735 949 961 1022 Sacerdotdrus
987 949 1081 1043 ipsis,
1105 951 1228 1022 nonnisi
1266 955 1267 1004 ἒ

279 1067 370 1122 certa
394 1051 532 1144 quadarn
558 1055 631 1124 anni
652 1052 841 1144 tempestate
873 1052 1025 1145 patebat,
1058 1051 1091 1146 §.
1107 1077 1140 1142 9.
1192 1057 1228 1124 Et

277 1150 368 1224 hunc
386 1152 492 1245 ipsum
508 1154 620 1226 locum
633 1153 768 1248 intelligi
785 1173 868 1246 puto
885 1178 902 1224 a
917 1153 1081 1246 Scholiasta
1098 1163 1226 1228 Germ·

277 1255 356 1340 uici,
390 1253 481 1324 cuius
493 1254 574 1326 haec
588 1255 686 1326 verba
710 1257 727 1294 *
750 1252 1026 1347 in‘supetiotibus
1047 1258 1224 1328 iamattuli.
1267 1214 1268 1308 l

274 1351 453 1426 Deducitur
471 1373 578 1428 autem
609 1362 693 1446 (rex
724 1357 897 1426 initiandus
928 1377 965 1425 et
990 1357 1225 1450 inaugurandut

275 1480 351 1528 cum
374 1459 526 1551 Apide‚)
550 1481 574 1530 ι
597 1453 761 1528 Sacerdote
782 1454 888 1552 Iſsdis,
920 1458 996 1548 (vel
1020 1479 1058 1528 vt
1081 1461 1146 1550 legi
1168 1481 1223 1549 pu·
1268 1520 1269 1576 p

231 1607 234 1614 ·
274 1558 381 1630 tabam
402 1556 538 1651 Apidis)
571 1559 725 1628 inlocum
747 1561 803 1653 qui
828 1561 1009 1630 nominatur
1029 1557 1222 1651 Adyros,id
1268 1583 1269 1634 l

49 1705 53 1712 -
178 1671 181 1674 ’
274 1658 320 1730 est
337 1661 486 1755 profanis
504 1659 748 1752 inacceffus,etst
763 1683 830 1731 non
843 1662 964 1732 inuitus
978 1658 1097 1745 frtear,
1122 1662 1223 1730 omnia

166 1825 169 1834 ,
274 1761 310 1831 in
324 1767 481 1856 Aegypto
503 1763 661 1853 Templa,
684 1757 792 1832 saltem
807 1784 891 1854 quae
910 1761 1009 1851 essent
1031 1762 1222 1856 magnitud-

276 1863 325 1933 nis
338 1860 485 1934 nonnihil
496 1863 682 1954 amplioris,
704 1860 846 1934 habuisse
860 1860 911 1932 sua
931 1859 1042 1952 adyta.
1094 1863 1223 1934 sedhic

218 1963 234 1990 “
274 1979 382 2036 tamen
395 1960 615 2036 subindicatur
628 1966 736 2043 loeus,
762 1965 818 2060 qui
832 1965 957 2034 ratione
969 1963 1124 2056 ‚singulari
1139 1965 1222 2032 dice·

128 2105 133 2114 ·
275 2065 367 2138 retur
386 2061 517 2154 adytus,
537 2067 593 2136 uel
612 2063 745 2155 inarceff
754 2088 781 2138 s.
829 2066 928 2134 Credi
949 2065 1049 2155 igitur
1067 2065 1222 2134 Sacerdo-

249 2185 324 2266 ¹*tes
348 2167 500 2236 volebant
521 2185 543 2237 a·
558 2170 708 2259 populo,
731 2087 754 2233 h
777 2185 845 2266 rem
864 2187 924 2234 acu
946 2168 1058 2257 tetigi,
1082 2160 1231 2282 lpideng
1270 2130 1271 2224 l

274 2269 333 2361 qui
360 2269 500 2336 termino
524 2269 611 2338 vitae
637 2289 698 2360 pet
725 2267 938 2340 sacerdotum
957 2285 1142 2364 ,praecepta
1170 2266 1221 2336 sibi

274 2367 452 2470 constituto
474 2365 716 2460 superuixillet,
748 2369 850 2462 mergi
874 2367 905 2436 in
931 2387 1035 2458 puteo
1054 2367 1145 2449 Nili,
1169 2363 1221 2437 etli

273 2469 318 2540 id.
332 2492 369 2540 re
390 2468 456 2559 ipsa
482 2468 600 2540 fabium
622 2491 687 2556 non
707 2464 821 2549 fuisse,
845 2471 881 2507 *⁴*
906 2466 964 2537 suo
985 2469 1063 2540 loco
1087 2487 1223 2538 monue-

271 2571 347 2642 rim.
396 2568 536 2642 Videtur
556 2569 699 2664 populus
727 2569 759 2638 in
787 2571 970 2662 Aegypto..
1012 2570 1069 2640 cui
1097 2571 1221 2639 indolet

207 2713 226 2731 ··
273 2671 368 2764 putei
383 2667 550 2752 mensurae
561 2671 725 2754 Niliacae,
738 2669 952 2762 utplurimum
966 2670 1133 2762 incognita
1148 2691 1222 2748 erat.

135 2770 138 2782 '
271 2772 458 2844 locutiones
471 2769 684 2844 Sacerdorum
706 2771 748 2840 de
765 2775 858 2842 Sacra
866 2767 978 2862 fonte,
1003 2767 1074 2862 duo
1097 2793 1221 2864 merge.

274 2883 367 2944 retur
382 2873 484 2964 Apis.
508 2894 574 2941 non
589 2870 794 2954 intellexisse,
818 2893 917 2963 atque
933 2871 1007 2940 hinc
1019 2869 1141 2941 fadum
1163 2869 1221 2942 elle

272 2972 489 3056 crediderint,
513 2993 553 3042 rt
573 2972 764 3044 Sacerdotes
787 2973 961 3062 ignorantia
991 2967 1078 3040 rudis
1101 2973 1221 3065 Poptlli

272 3073 462 3154 abutentes,
482 3071 590 3164 pollea
606 3071 850 3164 perhibuerint,
866 3071 1141 3166 strenuissimum,
1157 3095 1223 3166 quo

273 3175 378 3246 Tauri
401 3174 566 3268 quondam
586 3174 690 3244 diuini
705 3195 833 3264 corpus,
841 3175 941 3268 mergi
960 3196 999 3244 ac
1017 3176 1159 3245 recondi
1178 3173 1221 3242 so·

272 3276 374 3359 leret,
399 3275 551 3346 omnibus
578 3278 747 3368 iginum,
779 3273 869 3353 suae,
900 3274 1114 3346 sacerdotum
1145 3277 1222 3346 solo

272 3397 351 3449 rum
377 3375 559 3470 cognitioni
588 3371 785 3446 reseruatum
815 3375 887 3448 elle.
944 3371 1115 3468 Quorsum
1145 3399 1223 3446 vero

273 3477 424 3569 primitus
436 3477 626 3548 Sacerdotes
640 3473 728 3545 credi
744 3471 917 3560 volebant,
940 3473 1072 3569 Apidem
1085 3479 1222 3548 termino

266 3578 363 3652 uitae
376 3575 449 3650 suae
464 3577 679 3670 superstitem,
705 3577 806 3670 mergi
822 3579 854 3648 in
864 3595 959 3672 puteo
974 3578 1123 3650 Niliacae
1137 3601 1222 3648 men·

805 3729 811 3743 -
917 3717 920 3723 ·
1028 3750 1033 3764 ,
1126 3679 1222 3774 surae,

275 3798 773 3884 wmmmmmm.
1062 3781 1066 3788 ’

147 3980 149 3989 ¹
245 3929 248 3934 -
265 3876 312 3925 Ἢ
332 3887 527 3984 Supmtapite
541 3887 583 3970 112
595 3887 678 3950 Libri
691 3887 779 3950 hnina
793 3885 818 3972 §
826 3907 862 3951 rr.
