2492 4284
202 151 785 232 PROLEGOMENA.
857 160 986 231 cxcix

49 356 56 400 ι
76 324 140 394 dem
153 321 179 394 su
162 323 306 419 uspicioni
322 327 432 399 locum
447 327 566 419 facere,
587 317 748 402 Persarum
768 331 985 424 tyrannidem,

72 427 139 496 ritib
141 449 171 497 us
188 425 346 521 religionil
364 431 508 522 patriae,
540 435 661 504 nedum
683 434 847 504 dodrinae
870 437 982 511 Sacer·
1090 429 1094 446 '

76 528 173 598 dotum
198 527 430 626 Theologicae,
456 533 522 603 uim
545 535 694 626 aliquam
715 533 865 607 intulide.¹
910 539 981 604 Ne-

72 649 235 720 quetamen
257 621 476 715 crediderim,
513 657 588 708 eum
610 635 644 706 id
668 635 850 704 omidurum
875 633 980 725 fatue,
1094 703 1101 714 .

70 727 190 824 salique
208 731 276 802 talia
292 733 339 803 rei
358 733 489 830 vedigla
510 734 793 828 deprehendisset.
853 735 980 808 Video·

67 845 117 904 tur
136 833 214 904 bellis
233 832 283 904 hit
306 835 469 918 intestinis,
494 837 732 930 Aegyptiorum
755 838 839 906 viret
853 857 928 912 eum
944 839 978 906 in
1047 821 1058 842 ⁶

64 935 184 1006 modum
198 937 324 1007 attritae
335 933 439 1028 fuide,
462 959 594 1020 vatum
610 938 749 1009 lacertoa
762 959 899 1010 mouere
914 959 975 1009 ne·

59 1039 187 1130 quirent,
206 1037 250 1107 in
260 1037 418 1129 potestate
438 1039 629 1110 Artaxerxis
651 1059 832 1122 manerent,
855 1041 958 1110 dom
949 1059 976 1109 rt

54 1142 183 1219 uiueret,
205 1159 240 1210 et
251 1141 355 1210 Dario
377 1160 516 1257 quoque
535 1137 652 1210 Natho
667 1140 851 1224 obedirent,
874 1139 1066 1236 osque

54 1239 93 1309 ad
118 1261 227 1312 annum
242 1243 338 1334 regni
364 1241 434 1310 eius
454 1241 687 1324 andecimum,
710 1249 724 1288 ⁵
753 1263 823 1334 quo
834 1241 1015 1312 tandemr.
1038 1236 1114 1306 'Idem
1129 1238 1182 1304 ils·

50 1339 182 1412 succedit
211 1339 394 1432 auspicato,
420 1343 531 1434 iugum
552 1339 714 1412 Persarum
737 1344 780 1414 de
802 1363 894 1414 nouo
916 1365 975 1413 ex·
994 1327 1097 1416 demp
1114 1347 1181 1412 ²7⁹·

50 1435 217 1534 cuderunt,
244 1463 280 1512 et
301 1439 453 1532 posthaec
474 1465 534 1535 per
553 1463 653 1512 annot
673 1441 741 1512 sere
758 1443 920 1536 sexaginta
941 1463 976 1514 et
995 1428 1061 1487 ²⁸⁰
1084 1425 1138 1476 “²

45 1563 194 1660 quatuor,
217 1543 395 1614 libertatem
433 1545 529 1613 armis
565 1563 800 1637 recuperatam,
824 1544 974 1613 aduersos

42 1645 245 1716 inimicorum
266 1644 428 1714 molimina
447 1645 652 1726 ademerunt,
677 1643 833 1736 usquead
855 1665 974 1714 annum

42 1743 138 1828 Ochi,
164 1743 325 1816 Persarum
362 1747 459 1840 regis,
482 1767 623 1833 ιιοιιιιιιι,
648 1747 706 1838 qui
741 1743 816 1834 ipsis
844 1745 974 1838 oppido

39 1844 199 1916 luduosut
231 1847 353 1918 extitit.
377 1849 475 1918 tlllo
496 1849 584 1918 enim
607 1863 711 1930 anno,
738 1845 852 1917 Ochus
866 1848 971 1940 llegy
995 1827 1167 1922 11ι1ιιιι1ιι·
1144 1883 1178 1920 ιι.

36 1968 133 2040 ptum
163 1945 365 2019 uniuersam
363 1951 456 2018 armis
474 1947 619 2044 subegit,
647 1970 682 2018 et
703 1945 821 2018 dehinc
840 1961 972 2039 gentem
992 1942 1097 2030 demp.
1112 1967 1175 2024 394·

33 2048 181 2119 miseram
219 2043 357 2166 pedrmis
384 2047 544 2142 exemplis
570 2049 737 2121 muldauit
751 2049 891 2143 ‚idque
914 2046 970 2116 libi
992 2049 1050 2108 ⁹9⁵·
1081 2045 1136 2096 “0·

31 2151 147 2220 datum
165 2152 288 2242 negotit
279 2149 468 2220 credidisse
481 2150 625 2241 videtur,
646 2169 685 2219 rt
699 2151 869 2220 immanem
876 2151 971 2219 Caut-

29 2249 116 2338 byds
165 2249 338 2338 saeuitiam,
366 2272 400 2322 et
439 2250 663 2339 ferocitatem,
686 2271 752 2320 non
791 2251 971 2320 imitaretur

29 2353 134 2423 modo
151 2398 166 2440 ,
191 2373 308 2426 verum
323 2369 358 2422 et
371 2353 465 2444 longe
480 2351 552 2445 post
565 2352 820 2444 serclinqueret.
869 2353 969 2421 Tem-

29 2449 83 2521 etd
116 2477 200 2524 vero
228 2475 378 2548 tempore
405 2452 535 2542 idhoc,
565 2453 709 2549 Templa
727 2453 968 2547 Aegyptiorum

29 2551 260 2646 piendidiora,
286 2555 406 2646 magnis
417 2575 554 2648 quoque
572 2554 801 2623 calamitatibus
821 2550 968 2643 exposrta

29 2653 147 2746 edent,
175 2655 341 2746 multaque
369 2655 524 2748 Aegyptii
554 2652 802 2748 supramodum
836 2653 967 2745 indigna

29 2759 89 2825 tati
106 2771 318 2852 cogerentur,
342 2755 400 2832 diu
425 2775 530 2824 tamen
552 2775 678 2850 tempus
701 2754 782 2823 adeo
798 2751 887 2823 tride
902 2775 969 2824 non

29 2859 171 2932 lurauit.
224 2857 363 2950 Excepit
386 2855 486 2944 illud,
512 2854 584 2948 posi
606 2877 705 2926 annos
726 2879 792 2924 non
820 2856 862 2925 ita
884 2854 968 2924 mul·

29 2981 101 3038 os,
128 2960 205 3028 lene
226 2957 316 3028 Darii
343 2957 567 3041 Codomanni,
591 2978 626 3026 et
650 2961 708 3030 vix
729 2953 838 3051 elapsu
863 2954 965 3024 abeo
1052 2987 1056 2994 ·

29 3077 166 3146 uatuor
183 3060 282 3144 annis,
308 3057 484 3129 Alexandri
501 3061 551 3128 M.
565 3060 753 3153 imperium.¹
802 3061 893 3126 Vero
907 3057 968 3123 itt·

29 3179 80 3230 ue
102 3157 308 3230 simillimum
324 3157 380 3244 ed,
405 3181 514 3252 neque
534 3158 637 3230 idhoc
651 3179 814 3251 tempore,
836 3155 966 3246 religio·

29 3285 87 3328 em
111 3262 358 3355 Aegyptiorum
381 3261 448 3330 vim
463 3261 723 3351 qualemcunque
744 3257 858 3350 padam
873 3253 967 3325 fulde

37 3359 171 3443 Persis,
196 3383 240 3430 ex
260 3381 324 3453 qua
349 3361 402 3429 vel
424 3361 567 3430 dodrina
585 3359 797 3430 Sacerdotem
812 3355 963 3427 Theolo-

29 3465 94 3544 ica,
123 3463 185 3530 vel
207 3461 314 3531 cultus
336 3462 509 3550 Deorum,
533 3481 632 3552 opera
655 3477 772 3529 eorum
785 3457 864 3526 olim
880 3477 962 3528 con-

29 3564 172 3646 itutus,
195 3561 426 3632 <lenimentum
453 3561 595 3630 notabile
617 3556 769 3648 senddet,
792 3578 848 3630 aut
867 3555 960 3628 siv'el

29 3663 67 3731 le
83 3663 182 3754 quid
197 3685 231 3730 re
245 3659 312 3752 ipsa
326 3660 521 3752 contigidet,
544 3683 584 3730 an
601 3682 666 3730 non
682 3671 809 3732 eertum
825 3657 962 3754 est,bte·

48 3765 137 3858 posl
158 3763 240 3834 illud
255 3763 536 3856 repamriomnino
547 3761 712 3880 potuisse?
824 3755 827 3764 '

389 3881 394 3888 ·
475 3865 577 3956 (11),
783 3859 816 3958 §.
849 3863 962 3934 cxlv.
