2506 4292
133 221 156 280 ·,
263 229 321 304 142
477 207 524 284 .’
582 207 741 288 trun.
791 175 902 292 cnr.
927 216 952 292 1.

261 397 432 470 e.1.&11.
457 395 599 498 pluribus
615 356 812 498 explicatatn
869 397 970 506 Qotl
992 427 1070 476 vero
1089 397 1135 478 ad
1156 399 1225 478 alte·

130 503 134 516 ’
212 545 218 552 -
264 499 334 574 iarn
354 499 483 593 ostridis
496 499 732 600 genealogiam,
759 499 1072 603 itDiodoropnritet
1086 505 1226 590 relatam,

261 606 385 686 attinet,
409 599 464 672 illa
481 594 521 672 ad
535 597 656 673 fabulas
670 599 881 704 Theologiac
896 607 1108 677 Graecanicae
1126 604 1227 678 adhuc

261 704 364 800 magis
382 695 426 772 est
444 721 657 802 attemperata.
708 700 894 775 Secundum
909 703 1010 791 illatn,
1034 730 1074 776 ex
1090 709 1225 778 Saturno

261 805 328 874 nati
349 797 420 874 sunt
440 799 563 902 Jupiter
581 821 614 888 et
628 806 736 892 Juno,
768 827 807 876 ex
820 807 870 877 hit
892 827 970 878 vcro
989 807 1088 878 Ofiris
1103 813 1141 880 tit
1165 809 1223 892 Ifis,

259 929 331 978 non
347 899 434 975 secus
456 925 550 1004 atque
571 907 606 978 in
621 906 814 1006 Theologia
837 910 1039 978 Graeconun
1062 911 1224 1002 Mythica,

258 1003 493 1086 Saturnifilius
517 1002 741 1104 perhibebatur
762 1011 916 1108 Iupiter,
933 1027 965 1079 et
980 1011 1074 1104 huiup
1091 1007 1223 1109 Apollo,

254 1106 321 1181 stuc
337 1103 405 1178 Sol.
461 1105 500 1179 In
514 1110 574 1178 hac
590 1105 786 1212 Genealogia
801 1113 1029 1208 {unoquoque
1043 1115 1222 1192 interuenit,

174 1199 177 1210 ’
215 1265 219 1277 ,
256 1211 383 1280 Saturni
398 1203 482 1295 filia,
507 1211 594 1279 iouis
608 1207 720 1296 onr,
750 1205 883 1280 Osiridis
905 1235 983 1281 vero
999 1229 1031 1282 et
1048 1207 1137 1282 Isidis
1155 1214 1221 1282 Ma·

137 1393 140 1400 A
253 1331 311 1382 ter.⁵
363 1311 406 1379 Et
423 1313 588 1380 lunonem
611 1327 719 1380 tamen
739 1335 812 1381 vera
836 1315 1074 1412 Aegyptiortun
1102 1313 1219 1394 ,Theo-

254 1409 345 1511 logia
359 1407 485 1510 prorsui
503 1411 682 1510 ignorarit,
717 1415 805 1492 cuius
829 1410 942 1484 testem
962 1411 1119 1484 habemus
1136 1413 1220 1484 locu⁴

251 1509 393 1614 pictetn,
419 1507 522 1612 ipsum
547 1533 868 1599 unuonorvu,
900 1533 1073 1614 graectuu,
1101 1533 1136 1586 ct
1154 1537 1217 1604 nuf-

232 1611 420 1712 ‚thologiae
437 1615 577 1684 Graecae
601 1611 738 1684 mirifice
753 1618 913 1714 peritum,
950 1609 1004 1685 sed
1030 1635 1061 1685 et
1077 1609 1216 1686 sacerdo·

252 1737 324 1789 trun
347 1719 586 1814 Acgyptionun
610 1720 754 1784 arnicutn
779 1710 981 1786 familiarem.
1029 1777 1032 1784 .
1062 1720 1093 1787 Is
1111 1735 1214 1787 autent

252 1817 325 1891 Lib.
340 1817 381 1887 11.
410 1842 437 1886 c.
446 1835 495 1910 50.
522 1813 660 1902 teilutur,
676 1815 862 1915 Aegyptios*
876 1821 1037 1888 lunonem
1054 1823 1214 1918 cognitam

84 1931 87 1943 '
252 1919 324 1992 'nott
345 1913 470 1989 habere.
528 1919 645 2015 Neque
667 1917 721 1985 hir
743 1922 812 1989 cxci
836 1939 889 1988 ere
911 1918 1049 2004 iuuabit,
1082 1915 1213 1990 iutellii

180 2001 184 2014 ¹
250 2025 414 2094 Iunonem
440 2039 511 2094 non
541 2011 762 2112 Graecorun',
810 2013 851 2088 ed
879 2021 1139 2118 Aegyptiorum,
1177 1943 1211 2084 de

251 2149 312 2224 qna
330 2119 432 2192 Lib.1.
459 2139 520 2191 ot.
547 2121 612 2211 Μ.
670 2119 758 2190 Nam
781 2115 871 2189 illam
894 2125 1135 2220 Acgyptionutr
1150 2113 1232 2188 nou'

230 2219 404 2322 intelligi,
429 2245 468 2293 ex
482 2247 523 2293 eo
533 2217 645 2320 liquet,
673 2216 763 2318 quod
784 2215 992 2320 distinguatur
1007 2220 1025 2290 lt
1040 2226 1137 2306 Rbetn
1153 2217 1208 2290 stuc

247 2331 350 2402 Arbor
363 2343 395 2394 et
408 2330 544 2412 Venere,
567 2345 644 2390 curn
667 2317 779 2420 reipsa
807 2325 1046 2422 Aegyptiorum
1067 2329 1150 2394 Iuno
1172 2339 1208 2388 at·
1230 2350 1231 2381 t

247 2451 312 2527 que
338 2428 461 2508 litut,
480 2419 548 2493 litte
561 2425 682 2508 Arbor,
707 2443 777 2492 non
797 2417 895 2494 fuerit
916 2419 975 2492 trist
996 2427 1132 2492 unicum
1146 2423 1207 2492 Nu·

245 2552 334 2601 meu.
408 2517 548 2612 Quando
572 2540 733 2620 practerea
753 2528 789 2592 itt
815 2512 1015 2623 Genealogia
1040 2525 1101 2594 hac
1130 2526 1230 2626 iuno}

245 2626 430 2728 perhibetur
447 2625 572 2698 Saturni
590 2618 673 2708 filia,
700 2626 786 2694 iouis
802 2647 880 2700 veto
898 2639 929 2695 et
952 2627 1055 2696 Soror
1076 2643 1110 2695 ct
1126 2625 1205 2694 Con·

242 2733 324 2815 iux,
348 2730 419 2824 quis
435 2728 553 2822 poterit
571 2719 732 2811 dubitare,
764 2729 844 2824 quin
860 2719 1048 2826 deligunturx
1055 2726 1110 2794 hic
1128 2729 1205 2794 Iuno

245 2825 456 2927 Theologiae
480 2827 712 2910 Graecanicae,
741 2827 911 2926 Aegyptiis
924 2820 1050 2926 prorsus
1064 2821 1206 2924 incogni·
1228 2848 1229 2887 1

195 2999 200 3010 ‚
244 2934 305 3004 ta?
331 2931 530 3026 Linquamus
546 2927 644 3026 igitur
658 2925 884 3026 genealogiam
898 2927 981 2996 hanc
995 2929 1138 3014 Graecis,
1159 2945 1206 2993 te·

245 3037 290 3108 rit
306 3027 393 3102 illius
417 3027 607 3100 architetiis.
656 3025 817 3098 Posterior
838 3045 947 3099 tatucn
968 3030 1062 3100 huius
1088 3031 1203 3099 Genea·
1227 3019 1228 3030 ’

221 3163 225 3178 ·
246 3131 354 3234 logice
391 3154 451 3216 ars,
462 3150 543 3228 quae
559 3121 641 3200 itase
649 3127 755 3214 habet,
782 3147 823 3199 ex
836 3133 927 3214 Ioue,
947 3131 1203 3228 etlunonepute·
1227 3118 1228 3141 ¹

246 3253 297 3308 ter
320 3233 426 3306 Orrin
450 3249 481 3302 et
505 3229 586 3315 liin,
619 3227 698 3299 alios
721 3247 882 3327 praeterea
907 3250 968 3299 tres
992 3231 1083 3302 Deos
1107 3219 1227 3300 editori

175 3381 177 3388 ,
245 3323 356 3420 fuisse,
387 3338 431 3403 ita
446 3351 482 3403 nt
499 3333 652 3402 omnium
666 3333 786 3400 horum
808 3335 949 3430 quinque
966 3325 1105 3401 deorum
1125 3347 1200 3401 ncta·

244 3435 291 3508 les
301 3429 320 3522 ,'
335 3429 507 3505 inciderint
522 3437 558 3502 iu
572 3435 715 3530 quinque
730 3424 797 3502 dies
811 3429 1030 3515 intercalares,
1055 3437 1111 3531 qui
1125 3413 1199 3528 apud
1225 3419 1226 3466 t

243 3535 444 3636 Aegyptios,
482 3537 598 3633 quouis
622 3553 725 3618 anne,
756 3527 915 3604 rnenstbut
938 3527 1116 3602 duodecim
1135 3520 1198 3600 addi

242 3633 407 3724 solebant,
436 3653 469 3706 et
485 3627 629 3706 mensem
643 3651 760 3702 eorum
778 3627 943 3702 decimum
968 3638 1099 3703 tertium
1116 3651 1196 3704 cont·

267 3731 499 3822 attendebant,
539 3753 579 3804 ex
606 3723 750 3804 fontibus
788 3736 993 3833 Aegyptiacis
1020 3725 1194 3806 dirmmttit,

240 3765 361 3938 lpediat
375 3841 463 3910 enirn
478 3831 519 3906 ad
533 3837 608 3904 anni
623 3835 814 3933 Aegyptiaci
830 3831 1104 3922 constitutionem,
1126 3847 1195 3930 quae

242 3937 412 4043 iudidiriae
440 3961 479 4040 ac
500 3928 966 4046 peritiaeustcerdottuttilliue
989 3941 1094 4040 gentis
1112 3929 1196 4104 deppt⁴
