2570 4286
44 242 48 252 ,
201 291 426 406 quorum
450 253 745 396 sapientiam
775 271 915 358 totus
948 245 1072 355 olim
1088 237 1282 360 orbis

173 557 175 572 .
203 451 488 562 admiratus
491 459 671 591 atque
676 439 950 548 aemulatus
974 432 1071 562 est,
1109 453 1179 538 vt
1202 460 1282 544 ex

152 656 153 666 '
205 641 265 781 iis
283 639 450 772 colligi
466 643 638 774 queat,
670 628 792 770 quid
809 627 940 734 ratio
964 621 1048 726 fibi
1065 559 1282 728 solite-l

206 827 341 949 licta,
375 826 583 962 luceque
598 816 933 928 Reuelationis
949 810 1162 918 diuInae
1182 805 1282 914 de

206 1016 374 1124 stituta
389 1006 566 1152 poffit‚
605 1033 657 1116 et
684 1036 812 1145 quae
829 1000 1038 1110 finteius
1054 998 1116 1103 in
1137 993 1273 1100 diiu-

200 1198 431 1306 dicandis
458 1197 643 1304 diuinis
666 1195 816 1302 rebus
843 1193 982 1297 vires
1052 1181 1272 1292 Deinde

209 1419 336 1497 vero
370 1419 464 1491 nec
499 1381 601 1491 hoc
634 1375 1144 1521 praetermittendum
1172 1367 1272 1476 else

210 1577 377 1700 duco,
421 1575 604 1714 primas
655 1570 852 1708 Operis
886 1565 1036 1674 huius
1081 1561 1270 1674 lineas,

211 1763 381 1872 dudlas
414 1789 445 1868 a
486 1791 569 1866 me
603 1764 703 1866 iam
734 1752 903 1880 fuisse,
953 1753 1015 1860 Α.
1039 1751 1092 1857 Ρ.
1121 1749 1186 1856 C.
1205 1737 1269 1854 N.

149 2025 151 2030 ·
210 1949 557 2074 MDCCXXI‚
576 1976 681 2087 quo
699 1970 931 2081 tempore
948 1940 1146 2074 linguas
1163 1931 1271 2041 san·

213 2110 418 2259 cliotes,
447 2136 628 2273 quibus
652 2133 821 2240 diuina
835 2127 1094 2236 Reuelatio
1112 2123 1272 2234 Vete-

2 2371 3 2394 ¹
127 2362 135 2450 f
201 2331 282 2436 -sis
310 2352 362 2436 et
378 2322 522 2432 Noui
538 2321 843 2431 Testamenti
858 2315 1145 2451 consignata
1171 2312 1268 2428 est,

211 2513 412 2655 publice
428 2509 644 2618 docendi
659 2532 711 2616 et
729 2504 959 2615 tradendi
977 2531 1169 2632 munus
1184 2496 1268 2606 hic

212 2699 342 2838 mihi
357 2695 685 2806 incumbebat
752 2695 970 2818 Accidit,
1004 2716 1061 2801 vt
1079 2687 1271 2796 eodem

48 2901 50 2906 ’
102 2919 107 2952 ¹
215 2919 383 3008 anno,
423 2857 477 2995 in
507 2875 816 2992 consortium
843 2879 1150 2992 Academiae
1174 2879 1269 2983 Rc·

212 3078 325 3214 giae
363 3070 677 3182 scientiarum
701 3043 1025 3180 Becolinenfis
1057 3089 1267 3202 coopta-

214 3275 328 3385 rer‘,
370 3291 528 3399 caque
571 3260 856 3390 occanum,
890 3259 1103 3367 hortatu
1125 3251 1266 3360 ¹ami·

216 3479 394 3561 corum
445 3447 767 3584 quorundam
816 3453 917 3553 iam
965 3443 1265 3562 beatorum,

219 3603 321 3742 Ln
380 3633 640 3744 Cnozu
704 3632 994 3774 praesertim
1046 3655 1103 3738 et
1156 3631 1264 3740 V1-

1119 3850 1153 3920 a
1172 3851 1208 3922 a
1221 3853 1262 3912 o·
