2524 4284
331 183 693 259 CANOBVS
947 208 1000 278 mr
1135 181 1139 196 '

43 357 188 456 potest.⁴
218 361 287 432 Cur
307 352 389 434 veto
409 381 643 451 everrunt,
666 360 849 456 Serapidem
864 359 994 434 Canobo·-
1026 388 1028 401 ¹
1110 434 1116 460 ι
1147 381 1150 397 ·

43 487 140 545 cum,
166 464 298 536 nornine
316 457 434 531 Canobo·
454 461 680 554 designauerit,
703 451 785 534 ta'tio
808 465 841 533 in
856 483 991 560 promtu

44 561 105 634 est.
158 562 289 634 Sciebat
301 563 478 650 'Presbyter
497 565 571 650 ille,
594 561 688 634 nrbes
701 567 733 632 in
750 566 904 656 Aegypto
921 563 991 656 pse·

43 664 178 758 resque,
199 665 272 734 Diis
294 662 390 732 huius
400 664 505 755 gentis
520 663 582 734 esse
596 667 820 764 cognomines,
843 667 990 734 conditos

42 768 181 860 quippe
206 767 379 834 ineorum
403 764 576 836 honorem.
629 766 758 838 Sciebat
771 785 948 856 praeterea,
971 787 990 836 a

42 867 183 936 Graecis
197 865 348 936 omnihus
363 864 537 958 perhiberi,
554 866 722 936 Canobum
739 867 867 950 vrbem,
882 867 914 934 in
923 887 989 936 me·

42 968 189 1037 moriam
210 964 439 1057 honoremque
464 967 698 1036 Gubernatoris
720 967 862 1038 Menelai
878 966 990 1052 condi·

42 1088 117 1138 tam
131 1067 205 1150 eise,
219 1085 255 1136 et
266 1065 306 1136 ab
325 1090 367 1136 eo
385 1087 504 1136 nomen
525 1066 692 1160 accepisic,
740 1071 864 1138 Verum
887 1068 1003 1162 igitur.

42 1169 140 1238 vrbis
167 1169 250 1238 illine
274 1171 407 1238 Numen
431 1167 578 1253 tutelare,
600 1167 742 1238 credidit
756 1167 817 1237 esse
834 1162 990 1239 Canobum

42 1275 261 1364 Spartanum,
282 1289 484 1360 quoeunque
506 1267 640 1338 demum
663 1270 818 1356 nomine,
844 1264 923 1342 illud
948 1269 989 1340 ab
1113 1326 1116 1332 ,
1178 1281 1180 1288 ‘

40 1372 222 1463 Aegyptiis
235 1368 342 1462 postea
350 1365 539 1460 ‘infignimm
553 1367 669 1440 fuisset.

125 1477 160 1561 ᾗ.
185 1495 229 1542 ro.
254 1470 365 1540 Vnum
379 1467 483 1563 restat,
497 1490 536 1538 vr
549 1469 728 1554 videamus,
743 1491 843 1563 qnam
858 1468 903 1540 ob
918 1491 987 1540 rem
1021 1461 1196 1564 lnqrn'rirnr,

42 1573 281 1644 Canohitarum
295 1569 496 1659 Sacerdotes,
519 1568 667 1669 Serapidi
679 1570 737 1641 suo
758 1569 896 1644 sormam
914 1565 987 1639 bou-
1007 1571 1058 1609 ‘²³⁷
1065 1545 1195 1666 Sernptdt

42 1675 139 1758 calis,
163 1667 217 1742 vel
238 1671 370 1759 hydriae
390 1669 589 1741 indiderint:
615 1693 687 1741 narn
710 1669 732 1718 *
757 1669 986 1754 Alexandriae,
997 1632 1160 1802 fflff‘z’

42 1771 84 1812 ⁸*
110 1773 244 1864 aliisque
258 1774 291 1842 in
306 1771 441 1845 vrbibur
455 1773 612 1865 Aegypti,
624 1773 750 1844 ratione
767 1772 864 1865 longe
879 1770 986 1840 diuer-
1006 1741 1197 1888 maffia

42 1877 77 1948 sa
95 1877 219 1966 Serapis
233 1872 322 1965 fingi,
336 1870 448 1964 sculpi,
470 1874 629 1966 pingiqne
643 1871 866 1944 consueuerat.
891 1870 985 1944 Ideo·
997 1890 1108 1973 fuerit.

41 1997 131 2072 que,
154 1973 229 2066 quia
243 1971 346 2042 forma
360 1971 440 2042 haec
453 1975 598 2065 Serapidi
611 1975 644 2043 in
666 1971 749 2044 vrbe
761 1969 897 2044 Canobo
919 1975 988 2042 cui·

40 2101 99 2166 to,
122 2077 259 2170 propria
273 2092 309 2142 et
332 2061 501 2163 pec'uliaris
524 2073 613 2156 fuisse
634 2067 774 2165 videtur,
796 2073 903 2142 omnia
924 2073 988 2143 hu·
1089 2107 1097 2130 ·

41 2175 230 2251 instemodi
258 2173 354 2267 signa,
376 2175 494 2242 vetetis
515 2176 669 2266 Aegypti,
689 2168 826 2246 baucaiir
847 2173 989 2248 formam

41 2274 345 2374 praeseferentia,
366 2295 450 2365 quae
472 2275 505 2342 in
529 2274 680 2346 thesauris
702 2275 899 2370 Principum,
930 2283 986 2348 aut

41 2383 187 2452 aliorum
210 2374 331 2446 Museis
345 2373 521 2466 supersunt,
542 2375 584 2445 ab
598 2377 743 2458 eruditis,
756 2373 814 2448 vsu
830 2375 900 2445 fere
916 2379 988 2446 vni·

41 2477 213 2552 uersaiiret
226 2495 372 2567 recepto,
386 2473 537 2546 &orbico
550 2477 808 2546 vocatiasiolent.
860 2476 989 2547 Etdan-
1110 2527 1116 2539 ,

41 2604 104 2654 tur
121 2599 229 2649 tamen
242 2575 325 2669 signa
343 2575 437 2646 huius
450 2578 576 2671 generis
589 2578 734 2665 piurima,
750 2597 892 2668 qnorum
907 2600 988 2646 non·

41 2681 132 2754 nulla
151 2675 466 2776 Agathodatmonem,
489 2671 544 2776 (§
562 2675 611 2769 8.)
632 2679 691 2748 alia
712 2673 773 2730 ***
797 2677 913 2770 sssdrm,
929 2679 990 2752 alit

40 2781 192 2858 Numina
206 2781 246 2850 ah
262 2777 309 2846 hir
327 2777 449 2848 diuersa
464 2780 708 2871 repraesentant,
723 2799 886 2871 quaeque,
904 2801 990 2872 qno·

39 2883 153 2956 modo
181 2879 246 2948 diti
271 2874 391 2970 possint
409 2879 593 2962 Canobica‚
614 2899 690 2950 curn
705 2880 876 2958 Canobum
891 2902 991 2951 vero·

40 2983 194 3056 similiter
214 2999 380 3072 nunqnam
404 2981 566 3068 viderint,
589 3001 652 3070 ego
675 2982 807 3074 quidem
830 2982 989 3051 rationem

40 3083 170 3156 nuliam
188 3080 298 3151 video.
350 3083 475 3150 Verum
494 3099 671 3150 nvrrrtar
695 3081 863 3150 authoritas
879 3083 990 3149 erudi·
1077 3133 1122 3160 Ἴ.
1201 3111 1204 3118 v

42 3209 100 3258 tos
115 3179 240 3252 nostros
256 3179 288 3247 in
304 3181 421 3249 erroris
435 3179 623 3252 sotietatem
642 3181 811 3273 pertraxit.
837 3181 991 3260 Memini,
1031 3199 1036 3210 ·

42 3285 168 3358 seculo
188 3281 264 3363 hoc,
286 3281 320 3349 in
344 3281 466 3374 Crypta
490 3282 629 3374 quadam
655 3279 881 3373 Memphitica,
904 3301 993 3370 quae

521 3383 550 3450 K
574 3404 600 3465 4
911 3383 996 3454 inter
1023 3386 1025 3390 ’

44 3562 63 3596 ·
87 3557 162 3620 Vide
176 3571 321 3622 cvranr
342 3557 565 3638 Harpocratem,
578 3575 606 3639 p.
630 3565 690 3639 rt.¹

40 3663 80 3700 ⁶¹*
99 3666 284 3724 Cvessnvs
306 3656 357 3718 lib.
377 3659 425 3718 rit.
447 3679 474 3740 p.
496 3669 540 3724 82.
561 3658 617 3718 Cui
638 3659 725 3734 iunge
747 3651 929 3742 I'Antr'qrn‘ts
946 3673 995 3715 ex·

86 3745 198 3832 pliqoee
211 3745 247 3805 de
263 3757 559 3806 monrrnvcon
579 3745 642 3804 To.
663 3735 701 3804 11.
721 3734 794 3804 sarr.
815 3745 853 3804 11.
874 3739 996 3804 Pianche

91 3835 193 3896 CXXI.
213 3831 327 3894 cxxii.

43 3931 97 3972 Ν
117 3931 193 3994 vide
211 3942 478 3995 ncnnneoert
497 3895 780 3990 commentationem
804 3949 835 4012 p.
863 3943 917 3993 mr.
939 3937 995 3988 ete.

91 4031 154 4103 req.
