2528 4280
15 176 18 269 J
136 187 181 234 „
293 155 1066 276 xxxnsquoLuG-OMENAA

294 335 374 416 lina,
407 335 613 430 aliorumque
631 338 727 406 etiam
752 339 910 433 oracula,
934 337 1141 410 ‘Osthanitet
1158 343 1213 428 Hp

295 436 420 530 sinspis,
448 439 621 530 Magorum
635 459 755 530 nempe
772 435 955 522 retianum,
979 440 1071 528 libri,
1098 443 1214 510 Hermu·

294 541 337 610 tit
350 537 548 634 Trismegilli
561 540 673 626 varia,
715 559 751 608 et
771 538 879 610 fimilia
896 539 954 624 iuis
971 542 1151 628 innumera,
1176 545 1213 633 pit
1249 569 1250 576 ¹

293 641 428 722 frende,
451 663 469 709 a
485 637 600 728 Christi
616 641 804 722 cultoribus,
820 642 894 709 orbi
908 640 1062 711 obtrusa?
1086 643 1136 713 sed
1149 664 1214 736 quae

292 744 398 814 hodie
411 741 451 812 ab
472 741 598 812 idoneis
612 743 720 812 talium
736 763 843 812 rerum
857 741 1134 834 aestimatoribus,
1162 769 1214 812 ne-

292 847 360 917 rito
372 861 640 916 contemnuntur.
686 844 808 936 Neque
821 863 902 913 vero
920 844 1019 914 etiam
1039 845 1215 938 antiquitatis

293 945 488 1017 Christienae
501 941 647 1012 studiofis
661 942 809 1034 ignotum
826 945 887 1017 else
902 943 1027 1037 potest,
1058 949 1215 1042 Scriptores

293 1045 488 1116 Christianos
503 1045 622 1114 veteris
635 1043 810 1132 Ecclesiae,
837 1047 877 1114 ad
892 1068 991 1114 vnunr
1014 1067 1145 1132 umnec,
1172 1045 1214 1114 ubi

267 1140 454 1238 'exquisrto
476 1143 583 1214 lludio
603 1144 816 1214 idololatriam
844 1167 1072 1238 oppugnant,¹
1101 1153 1214 1239 eiusque

290 1251 463 1318 veniturum
480 1269 518 1315 uc
532 1243 678 1316 insaniam
693 1247 880 1316 annituntur
895 1247 1087 1335 ostendere,
1110 1251 1142 1318 id
1154 1249 1214 1320 len·

290 1371 352 1444 per
368 1369 402 1418 et
417 1349 605 1439 cumprimis
622 1369 763 1442 urgere,
797 1349 889 1418 Deos
911 1349 1016 1440 quiin
1032 1355 1156 1422 mundo
1169 1373 1213 1419 cu

288 1451 423 1531 lunrur,
442 1471 480 1520 te
492 1447 557 1541 ipsa
572 1447 718 1518 homines
731 1445 842 1537 fnisse,
866 1449 934 1519 aliis
950 1447 1084 1532 fimiltn
1110 1451 1213 1522 stddu

287 1551 370 1622 dum
383 1571 542 1620 mortuos.
591 1549 685 1620 Ellne
709 1551 809 1640 igitur
831 1549 968 1634 mirum,
998 1553 1214 1636 tenebrionum,

288 1650 397 1724 nescio
413 1673 534 1746 quern,
558 1652 591 1718 in
607 1666 722 1746 eorum
737 1652 898 1742 gratiam,
935 1651 1028 1720 taleni
1056 1651 1214 1724 Alexandri

287 1753 460 1847 Epistulam
478 1751 685 1834 confinxisse,
712 1773 848 1843 eamque
865 1752 975 1846 pollen
986 1759 1138 1824 certatim
1154 1757 1214 1822 aliut

240 1873 243 1885 ·
286 1857 320 1930 in
338 1852 431 1946 usum
447 1851 541 1922 suum
556 1853 769 1924 conuertisle²
799 1855 831 1924 Si
854 1853 991 1946 Epistola
1014 1856 1098 1950 illa,
1135 1875 1213 1948 ann

224 1987 227 1992 ·
286 1941 394 2028 Patres
420 1953 573 2042 landant,
610 1955 749 2070 genuina
777 1955 880 2034 esset,
918 1975 987 2023 turn
1016 1955 1214 2049 quaestione

285 2057 432 2136 essentia,
459 2077 590 2139 natura,
617 2075 650 2122 et
664 2055 789 2146 origine
812 2057 951 2124 deorum
974 2058 1213 2148 Aegyptiorum.

284 2180 410 2252 quae,
417 2158 466 2225 vti
489 2177 532 2228 ex
554 2110 715 2226 niutiffimo
734 2177 974 2234 ruvrnuctrt
999 2157 1088 2228 libro
1103 2159 1141 2228 dc
1156 2155 1215 2246 [ſsd

284 2241 467 2348 etOfiridc‚
491 2257 613 2348 ubique
631 2256 839 2348 intelligitur,
872 2277 999 2328 veteres
1011 2257 1215 2354 Philosophus

258 2357 263 2372 ’
283 2365 454 2451 tantopere
475 2361 698 2441 ex'ercuit,t
657 2437 662 2442 ,
675 2355 719 2424 'fic
733 2358 836 2428 decisa
850 2379 885 2427 et
897 2359 1026 2454 penitus
1043 2359 1136 2430 finita
1155 2356 1215 2428 suis·

281 2457 331 2530 set
336 2506 351 2545 ‚
375 2483 413 2532 vt
425 2461 542 2530 nemini
554 2460 688 2550 amplius
702 2460 836 2529 dubium
854 2455 1012 2553 superesse
1026 2465 1215 2552 potueritu

280 2561 430 2652 profedo
452 2560 588 2656 Epistola
610 2561 678 2644 illa,
710 2560 794 2630 inter
814 2563 981 2646 Graecos,
1013 2561 1217 2652 Philosophus

279 2661 486 2754 praesertim,
508 2660 587 2731 nihil
600 2657 708 2730 suillet
722 2662 876 2735 illustrius.
926 2665 1004 2731 Non
1024 2684 1120 2732 certe
1134 2663 1215 2734 vidt-

279 2783 352 2831 mus
359 2783 532 2853 ,unquam
547 2764 706 2855 aliquem,
729 2763 784 2830 vbi
805 2765 847 2831 de
871 2783 980 2832 natura
997 2766 1152 2832 Deorum
1174 2763 1216 2830 di·

278 2817 427 2956 sputire
420 2885 452 2930 rn
467 2863 608 2932 animum
623 2861 770 2958 induxit,
800 2865 839 2932 ad
861 2863 927 2932 hoc
940 2863 1122 2934 Orrculntn
1144 2885 1216 2934 con·

66 3023 336 3136 ιιιιι
275 2961 747 3150 institisti
693 3057 1214 3157 ι

67 3133 253 3306 llll
226 3165 534 3369 lindisi
539 3165 1214 3346 ιιιιιιιι

66 3304 251 3453 ξξὶιιιυπ
271 3363 419 3458 prosedo
434 3389 470 3439 ct
461 3289 619 3459 cullpiose
633 3369 798 3462 disceptet,
806 3291 888 3460 qltgi'
879 3393 910 3437 ιιι
926 3367 987 3437 lrac
1001 3367 1093 3438 censa
1108 3370 1212 3440 maluit

271 3466 312 3538 ad
329 3467 463 3538 obscura
478 3471 678 3540 Graecorum
693 3469 838 3562 mysteria
852 3491 1057 3562 prouocare,
1085 3491 1131 3540 ex
1144 3469 1212 3560 qui·

272 3569 333 3643 bus
350 3589 454 3638 tamen
469 3591 539 3639 rem
552 3569 637 3640 hanc
651 3595 717 3640 non
733 3593 798 3640 tam
814 3569 1000 3652 edisserunt,
1033 3591 1133 3665 quana
1155 3591 1209 3662 pu·

240 3672 334 3738 tius
347 3689 470 3738 tannim
485 3665 633 3758 mussitat,
641 3693 738 3764 quam
753 3673 793 3741 ad
807 3673 1002 3742 luculentam
1018 3673 1100 3740 illam
1107 3673 1208 3742 Alex·

268 3765 357 3836 andri
380 3767 571 3858 Epistulam·
601 3795 665 3841 non
689 3793 920 3842 ntouonvru
952 3773 1113 3855 simunt,
1154 3765 1206 3840 ersi

264 3883 371 3936 omen
394 3871 421 3938 is
442 3867 751 3959 transcucurrit
773 3867 979 3966 quorundam
1000 3871 1205 3944 saoerdouu

275 4006 279 4019 ·
771 4002 777 4010 '
1143 3992 1204 4052 wi
