2492 4284
78 176 83 198 ·
171 133 769 240 nn'ont'oouenn.
894 164 969 242 cni

16 361 93 414 tum
119 337 364 432 idololatrarum
393 340 468 414 Diis
495 343 616 434 pariter
659 343 837 416 dicendum
851 345 988 421 *venit

18 441 190 537 Postquam
207 439 289 512 ver'o
305 435 557 535 Sacragentium
572 444 773 516 idololatrica
788 439 962 518 succelliue

17 545 164 614 ordinata
180 562 216 613 et
228 543 291 612 tite
305 541 478 616 constituta
487 541 626 626 fuissent,
634 537 804 642 postquam
817 547 958 638 Templa

17 641 177 718 sumtuosa
194 644 349 726 condere,
363 643 480 738 hisque
494 647 683 718 Sacerdotes
696 649 874 740 praeficere
889 650 960 738 psa·
1082 715 1091 738 ,

17 748 101 837 cuit,
117 743 290 840 postquam
313 748 669 838 integtaSacetdotum
690 746 835 842 Collegit
859 749 961 820 ellent
1001 778 1017 800 κ·

17 847 185 932 instituta,
209 867 243 916 et
257 845 291 915 hi
305 845 481 916 dodtinam
502 848 587 920 suam
609 850 653 920 de
666 847 763 921 rebus
777 851 894 920 diuinis
907 849 960 918 di.
1016 935 1019 948 ι

14 971 142 1044 gerere,
159 947 258 1017 nouis·
277 955 455 1042 augmentis
479 949 690 1047 locupletare,
705 971 741 1021 et
761 954 794 1020 in
810 951 961 1023 ordinem
1127 1023 1130 1034 ,

17 1070 148 1121 certum
172 1051 321 1140 redigere
344 1051 529 1144 coepissent,
553 1071 592 1118 vt
612 1049 670 1120 sibi
692 1072 728 1123 et
752 1053 875 1146 placitis
886 1051 962 1133 suis,
1021 1076 1025 1084 ·
1097 1125 1101 1146 ‚

15 1171 113 1222 tanto
135 1151 302 1244 maiorem,
326 1172 361 1221 et
382 1152 623 1234 austeritatem,
645 1173 679 1222 et
700 1151 870 1244 sapientiae
892 1151 961 1246 spe·

15 1255 107 1323 ciem
128 1251 351 1340 conciliarent,
373 1251 569 1321 methodum
592 1251 740 1323 tradendi
763 1258 856 1324 Secta
870 1256 961 1322 inue·

16 1373 142 1424 xerunt
156 1353 372 1443 allegoricam,
385 1351 607 1442 symbolicam,
622 1371 657 1422 et
674 1352 789 1424 fabulis
802 1356 962 1448 aenigma·

16 1455 93 1526 titis
109 1457 191 1522 mire
203 1453 395 1536 inuolutam,
409 1452 449 1524 ad
464 1456 558 1545 quod
573 1455 662 1543 apud
678 1458 875 1548 Aegyptios,
888 1452 963 1523 vsut

15 1553 195 1647 scripturae
216 1551 498 1646 hieroglyphitae,
512 1550 637 1647 ¹potuit
656 1579 723 1626 non
746 1577 858 1648 parum
880 1576 964 1626 con.

15 1654 119 1726 serre.
168 1655 221 1726 Ab
235 1675 277 1725 eo
293 1673 444 1747 tempore
466 1677 532 1725 rara
553 1658 586 1724 in
602 1657 703 1726 sacris
722 1658 868 1752 gentium
883 1656 964 1728 Satn
1106 1663 1108 1668 '
1172 1650 1178 1674 ''

15 1779 56 1828 ac
75 1758 341 1842 nonanoeane
362 1758 523 1837 occurrit3
542 1754 602 1828 sed·
619 1758 795 1828 audiuntur
815 1758 877 1828 iam
899 1779 963 1826 no·
1123 1775 1128 1792 ¹

14 1861 106 1928 mina
119 1855 305 1945 symbolica,
327 1875 363 1928 et
383 1859 602 1952 aenigmatica,
620 1860 660 1930 ab
681 1861 786 1953 aliqua
801 1857 963 1931 SolisLu-

13 1981 149 2052 maeque
169 1959 347 2050 qualitate,¹
363 1978 419 2030 aut
442 1958 481 2028 ad
506 1978 624 2030 tetram
644 1955 780 2034 nostram
794 1961 960 2040 relatione¹

13 2060 178 2142 defututa,
194 2057 276 2144 ond,
293 2062 395 2148 Meni,
408 2061 551 2146 Mosocbi,
567 2063 690 2144 sinaiis,
706 2061 855 2153 Astartcs,
871 2065 963 2130 Ater·
1112 2123 1115 2132 .

10 2168 122 2260 gatis,
135 2159 310 2258 siempbah,
330 2151 442 2249 Osirin,
464 2165 634 2250 alomonis,
657 2163 753 2252 Hm',
776 2165 842 2255 lsts,
859 2157 983 2234 Buba*

4 2265 87 2356 stis,
99 2281 134 2332 et
149 2259 264 2334 nmilia.
313 2263 531 2361 Mutationem
552 2261 635 2336 hanc
656 2263 860 2358 Theologiae
879 2285 961 2357 gen·
1041 2263 1042 2266 ’

12 2368 102 2435 tium
124 2365 310 2454 primitiuae
335 2363 496 2454 simplicis,
519 2366 553 2432 in
573 2363 794 2448 artificiosam,
814 2363 961 2457 allegori-

11 2489 102 2556 cam,
117 2483 152 2536 et
166 2466 420 2557 aenigmaticam,
435 2463 491 2532 nifi
508 2473 561 2534 nie
582 2467 697 2558 opinio
720 2465 854 2558 decipit,
869 2462 961 2534 fabu-
1078 2481 1079 2484 ’

12 2571 44 2638 la
73 2567 122 2636 illa
144 2559 355 2656 antiquissima
378 2585 413 2636 et
435 2566 661 2648 celeberrima,
684 2569 727 2638 de
751 2571 830 2636 lone
852 2563 960 2636 lnaclti

8 2667 102 2750 filia,
130 2667 163 2734 in
186 2687 316 2736 vaccam
338 2675 472 2748 mutata,
496 2667 573 2736 dein
595 2669 628 2736 in
643 2671 830 2760 Aegyptum
845 2667 961 2747 delata,

8 2769 135 2860 ibique
155 2765 217 2836 sub
250 2769 383 2860 nomine
408 2766 496 2836 lfidis
519 2769 621 2855 culto,
642 2772 735 2841 velut
762 2771 795 2837 in
821 2769 960 2860 imagine

5 2869 160 2964 quadam
189 2869 347 2963 depingit.
417 2871 543 2937 Verum
571 2872 705 2960 quando
735 2891 1005 2964 argumentum·
1104 2931 1110 2950 ,

6 2958 140 3043 istud*
164 2969 226 3038 alio
249 2971 327 3043 loeo
350 2967 538 3064 persecutus
559 2969 650 3059 sum,
674 2971 780 3044 deco
803 2972 894 3064 pluto
908 2969 963 3038 hic
981 2983 1003 3038 t.
1019 2969 1168 3050 Pantheon

6 3094 85 3142 non
101 3069 200 3139 addo.
715 3088 717 3092 ’
985 3054 1041 3125 ¹⁰⁰·
1057 3061 1106 3118 cit.

95 3169 129 3266 t.
152 3168 297 3266 xtvut.
346 3171 414 3241 vu
429 3195 510 3262 vero
526 3155 623 3246 semel
632 3169 833 3262 sacerdotes,
847 3192 886 3241 vt
900 3170 958 3242 nu
991 3189 1069 3254 pm,
1082 3211 1168 3279 m„

3 3274 163 3368 speciem
191 3267 361 3384 sapientipe
381 3293 448 3340 non
473 3276 610 3365 vulgaris
635 3294 880 3366 compararent,
897 3271 1168 3358 ily-mentonem·

3 3379 87 3461 lutn
102 3373 205 3452 illum,
221 3369 263 3438 de
277 3391 348 3460 quo
364 3373 445 3454 dixi,
461 3374 688 3466 allegoricum,
702 3375 962 3466 aenigmaticum,
982 3365 1128 3464 mlum·

2 3471 181 3557 etsabulis
201 3467 344 3558 obscuris
366 3473 563 3554 inuolutum,
582 3477 616 3543 in
637 3473 858 3567 Theologiam
873 3475 961 3541 inue·
982 3451 1068 3546 Oui?
1082 3469 1137 3508 ''²'‘

2 3575 147 3654 xilsent,
161 3572 213 3642 alii
229 3571 337 3650 etiam,
351 3575 410 3660 qui
425 3575 464 3642 ad
487 3574 656 3666 sapientiae
677 3569 803 3648 nudem
825 3570 961 3664 adspira·
980 3530 1171 3680 afwa:

2 3679 111 3761 bant,
129 3673 216 3742 idem
231 3670 379 3740 dislionis
393 3697 491 3764 genus
505 3676 673 3758 aemulari,
690 3675 802 3767 illique
818 3675 961 3766 pretium
980 3637 1108 3766 „mg
1155 3733 1159 3762 ,

2 3781 132 3866 ingens
153 3771 289 3842 statuere
323 3793 516 3866 coeperunt.
565 3777 752 3870 sapientum
780 3776 880 3884 igitur
900 3795 961 3844 uo-
1065 3841 1070 3850 .

2 3897 95 3948 men
108 3873 155 3946 illi
171 3873 312 3967 primum
324 3871 440 3970 adepti
453 3872 539 3961 sunt,
558 3878 617 3972 qui
636 3873 800 3970 profunda
819 3878 965 3964 Natutte

131 3995 134 4001 '
881 3997 966 4052 atca-
