2528 4280
123 239 128 244 ,
231 89 1004 262 rrto'necomeurfexu
1126 103 1129 109 ¹

30 327 94 396 :ari
113 325 301 424 Apodiaem.
351 321 453 418 Apollo
472 324 574 418 igitur
592 325 855 418 Aegyptiorum,
879 325 1001 396 abeo*-

30 427 189 496 :undem
206 429 312 510 Horo,
334 423 477 494 nonnisi
493 448 536 496 eo
551 423 682 516 dissert,
706 426 800 519 quod
815 428 916 520 priori
937 450 1001 496 no-

29 530 127 598 mine
155 531 305 614 Graeci,
344 526 514 616 posteriori
538 518 620 597 vern
641 529 824 621 Aegyptii,
845 525 1000 598 sermone

29 629 227 724 vernaculo
242 628 287 698 vs
302 627 371 698 srnt.
441 629 598 698 Decimus
617 631 733 698 tertius
753 629 789 700 in
803 629 922 700 ordine
941 627 1000 700 ibo

29 753 165 800 nomen
189 730 275 824 geiit
295 735 472 811 Ammona,
505 749 608 821 aquo
630 728 835 824 distinguitur
856 731 1001 811 sitimus,

29 831 97 926 qui
116 852 333 923 nuncupatur
347 836 475 934 sapim:
548 828 645 900 Estne
660 854 741 904 vero
755 853 840 925 opus
853 853 1002 920 monere,
1089 827 1094 836 '

29 937 226 1002 Ammonem
246 937 430 1021 et‘souem,
473 953 541 1002 non
559 931 622 1002 esse
643 927 700 1000 nifi
719 926 821 1004 vnum
842 933 1001 1024 idemque
1023 918 1047 958 '‘

28 1037 202 1104 Numen?
228 1039 338 1130 Quem
352 1034 509 1128 diegyprii
522 1035 699 1105 Ammonem
714 1055 862 1118 vocant,
877 1031 997 1104 Graeci
1017 1094 1018 1105 ,

28 1127 300 1224 interpretantur
312 1139 413 1206 Inucm
429 1132 483 1206 vel
498 1133 702 1217 Arir,nomen
716 1136 912 1228 ceteroquin
923 1131 997 1204 suae

29 1237 162 1318 Genti,
185 1235 324 1330 suaeque
337 1239 463 1329 linguae
476 1239 658 1329 pmprium.
725 1235 817 1324 Quid
832 1225 932 1330 igitdr
953 1235 999 1306 de

29 1337 199 1406 omnibus
223 1336 272 1406 bis
286 1337 454 1410 dicemus?
477 1341 569 1408 Num
583 1335 854 1422 exirumabirnur,
875 1333 997 1412 discor·

30 1437 129 1506 diam
143 1438 354 1510 sacerdotum
369 1441 454 1508 inter
466 1437 508 1521 se,
521 1439 597 1509 tales
611 1437 752 1535 genuisse
765 1459 903 1518 errores,
918 1459 996 1507 cum

32 1539 94 1606 aiii
111 1537 186 1620 hos,
212 1541 263 1610 alii
276 1541 353 1610 aiios
366 1541 401 1608 in
413 1543 525 1632 primo·
537 1542 685 1610 Deorum
700 1538 867 1608 oDonrrio
881 1559 997 1607 recen-
1018 1537 1020 1546 ’

33 1637 102 1708 seri
126 1639 332 1714 voluerint?
353 1645 477 1710 Verum
501 1641 536 1708 id
560 1639 638 1708 mihi
660 1638 792 1732 quidem
806 1661 874 1707 non
898 1635 995 1710 facile

33 1741 115 1831 quis
131 1739 331 1832 persuaserit.
379 1743 648 1812 Heroon-rus
670 1760 777 1826 certe,
803 1740 862 1832 qui
891 1757 995 1808 rotam
1123 1817 1128 1826 ⁵

35 1841 416 1934 Aegyptumitineribus
432 1841 578 1913 emensus
593 1861 681 1926 erat,
705 1843 765 1933 qui
778 1840 918 1932 Tempsa
934 1861 993 1910 ce·
1043 1895 1047 1908 .
1131 1876 1139 1912 .-

38 1943 182 2014 1ebriora
198 1943 322 2026 omnia,
349 1963 421 2013 tum
436 1944 468 2012 in
489 1942 666 2039 superiori,
699 1943 828 2012 cumin
846 1937 993 2014 inferiori

39 2047 221 2134 Aegypto,
246 2064 510 2137 perreprauerar‚
535 2064 570 2115 et
585 2045 710 2141 vbique
723 2045 766 2114 de
779 2043 877 2114 rebus
898 2038 993 2112 saone

39 2159 120 2214 cum
135 2145 364 2216 Sacerdotibus
378 2145 551 2238 diligenter
564 2146 765 2234 eobruierat,
794 2143 864 2219 saris
884 2142 993 2214 subin·

39 2245 135 2333 nuit,
159 2246 322 2340 deprimo
339 2249 487 2318 Deorum
503 2248 688 2330 odoratio,
722 2244 910 2317 sententiam
934 2247 992 2315 Sa·

39 2346 216 2418 cerdotum
239 2349 386 2416 omnium
408 2345 484 2418 fere·
497 2346 588 2418 fuisse
604 2347 808 2434 unanimem„
871 2347 904 2416 Si
925 2343 991 2415 fuit

37 2448 128 2520 forte
140 2445 347 2544 discrepantia
362 2449 486 2541 aliqua,
516 2450 600 2518 iliam
624 2447 746 2518 nonnisi
769 2436 876 2520 leuem
897 2444 992 2531 fuisse

38 2552 198 2644 oportuit.
248 2550 421 2622 Rationem
437 2547 536 2642 igitur
549 2551 757 2643 praecipuam
780 2549 887 2642 magni
906 2547 991 2624 iliius

38 2649 207 2734 dissensus,
230 2651 290 2748 qui
305 2671 555 2723 mnusauormu
572 2652 655 2720 inter
670 2669 705 2721 et
719 2649 912 2724 Sacerdotes
928 2669 991 2723 ue,

39 2775 169 2823 nonorr
183 2750 452 2850 deprehenditur,
470 2749 680 2844 repetendam
697 2749 759 2822 eise
771 2749 926 2836 arbitror,
946 2747 989 2820 ab

41 2863 71 2902 ¹¹¹
95 2853 320 2946 interpretibus
340 2873 451 2926 rerum
468 2851 623 2926 sacrarum
638 2855 772 2948 graecis,
791 2875 878 2946 quos
886 2850 986 2922 Psrm·
1006 2837 1196 2939 ΨΉΒΚΡΜ·
1223 2855 1232 2879 ’

41 2953 198 3064 metichus
213 2955 334 3048 vbique
350 2953 551 3036 instituerat,
576 2973 615 3023 vt
630 2957 836 3047 antiquitates
855 2954 986 3047 patrias,
1007 2938 1071 2984 'm
1085 2926 1195 2990 ΠΜ·

43 3057 170 3128 Graecis
190 3055 455 3148 percontantibus
478 3055 603 3151 possent
624 3055 792 3148 perspicue
805 3077 986 3148 exponere.

42 3160 90 3228 Hi
112 3157 141 3223 in
164 3157 410 3249 interpretandis
433 3175 467 3227 et
488 3179 602 3250 graece
630 3149 803 3227 reddendis
834 3159 987 3226 Deorum

45 3259 225 3328 nominibus
238 3259 469 3350 Aegyptiacis,
495 3279 560 3327 non
576 3279 648 3328 raro
671 3281 689 3328 a
710 3255 740 3325 se
755 3253 895 3344 inuicem
920 3252 988 3326 dis-

43 3357 202 3449 ferebant,
224 3358 317 3450 quod
335 3379 377 3426 ex
400 3359 526 3429 indiciis
541 3381 604 3428 nec
615 3357 726 3454 paucis
742 3379 803 3426 nec
829 3355 987 3451 obscuris,

45 3480 176 3530 attentus
188 3461 296 3552 quiuis
310 3450 457 3529 ueterum
474 3457 572 3528 sedne
584 3457 756 3528 obseruare
777 3455 869 3527 facire
889 3477 986 3550 pote·

47 3563 98 3630 rit.
143 3557 321 3631 Dissensum
339 3581 420 3630 vero
435 3561 523 3630 hunc
537 3561 772 3650 interpretum,
803 3579 987 3642 mauerno,

1007 3027 1031 3076 e·
1051 3027 1109 3087 ⁸54

46 3662 102 3752 qui
117 3655 297 3731 Ptolemaeis
311 3661 437 3752 origine
449 3661 581 3754 graecis,
591 3655 744 3766 velificari
757 3661 865 3732 modis
879 3661 986 3756 onini-

48 3763 106 3832 bus
117 3761 273 3860 cupiebat,
294 3763 421 3852 quique
436 3764 469 3830 in
487 3783 601 3830 eorum
617 3763 749 3854 graciam
765 3761 988 3854 Theologiam

49 3863 143 3958 gentis
164 3860 255 3946 suae,
286 3859 327 3932 ad
343 3864 550 4053 Gramma
558 3844 794 4052 {s‘irseoiopiam
815 3882 986 4036 numpiuerrrp
