2570 4286
237 193 826 284 ANVBIS‚MERcvR1vs
960 225 997 304 ¹9
1057 257 1078 312 t

124 363 164 468 §.
180 395 221 446 ιο.
246 359 331 462 ῘΙΙίι,
354 373 413 466 qui
434 335 561 466 linguae
582 373 823 470 Aegyptiacae,
850 371 873 444 Γ
864 395 936 462 uc
959 397 998 448 vt
1038 371 1204 456 Amblada·

60 471 150 565 vulgo
177 479 333 591 iocatur,
376 475 555 564 Copticae,
598 474 736 568 aliquam
767 477 960 562 notitiamr
940 475 997 548 libi
1014 475 1099 546 Μ’
1102 462 1125 520 Τ
1147 469 1203 522 ³¹¹·

61 576 265 690 comparauit,
296 596 377 666 aqua
398 571 531 646 haerete
551 573 606 646 bic
621 598 687 645 non
710 575 827 668 potest.
880 581 995 649 Omnia
1016 566 1058 607 ¹²¹
1060 549 1140 628 ms
1138 567 1202 626 im.

59 695 160 764 potrus
174 671 290 768 sponte
314 673 431 749 fluunt
481 675 658 764 Diximus,
694 675 863 750 Anubidcm
886 682 998 772 Aegy
1014 628 1202 799 ξὲζρξῖἕ,’
1238 685 1247 713 ”

58 769 126 864 ptiia
137 799 172 847 re
185 773 250 868 ipsa
266 773 401 847 sunuille
416 771 535 848 Anuub
586 778 624 847 Id
639 799 721 848 vero
735 777 801 848 sne
816 780 877 849 vlla
894 782 994 874 quali
1014 803 1120 862 tior
1084 825 1102 862 a
1104 823 1171 886 gn.

58 895 179 968 cunque
200 877 400 965 mutatione,
436 901 550 948 aurum
577 876 599 945 s
591 876 748 972 gnificat
780 879 833 954 vel
855 905 993 967 aureum.
1014 885 1182 949 ιιιιιιιιιιιι·
1247 926 1250 932 .

57 995 133 1062 Nam
150 977 294 1096 unffi,
316 983 376 1058 nub
383 988 536 1082 ‚lingua
562 992 801 1082 Aegyptiorum
824 978 1000 1088 antiquiffi·
1003 969 1199 1121 Ξὲἕῷθηιςΐ·
1258 1063 1259 1068 4

57 1125 100 1176 ma
116 1110 282 1180 dicebatur
294 1133 425 1188 aurum.
449 1109 567 1201 quod
556 1113 781 1200 interpretatio
806 1117 836 1185 S.
849 1116 1028 1204 Scriptu-

55 1229 103 1276 tae
116 1213 273 1311 Coptica
294 1211 467 1280 innumeris
481 1210 561 1278 locis
582 1209 702 1289 docet,
734 1211 930 1304 quodque*
944 1233 994 1284 te·

56 1307 200 1402 dimonio
223 1303 407 1390 Sacerdotis
437 1303 593 1402 Aegyptii
623 1313 742 1380 veteris
764 1309 992 1385 confirmatum
1093 1365 1096 1372 ,

55 1423 161 1496 videte
174 1424 348 1518 possumus
371 1424 452 1496 lnde
467 1444 549 1493 vero
562 1419 607 1492 est
620 1408 798 1530 illibi&
832 1428 885 1498 vel
897 1426 994 1524 quod

53 1557 175 1648 prorsus
190 1559 278 1628 idem
293 1561 397 1649 valer,
420 1544 628 1645 uuuurss,
650 1552 775 1635 annui.
799 1553 993 1640 vel-Annii,

52 1671 148 1764 idque
195 1673 321 1769 semper
347 1695 475 1744 aureum
510 1671 699 1767 fignificat,=
719 1673 812 1767 quod
841 1673 993 1748 sexcenta

32 1773 218 1866 lexempla,
239 1794 273 1843 et
288 1777 442 1866 amplius,
466 1777 499 1846 in
523 1775 660 1870 Coptica
682 1777 867 1868 scripturae
884 1780 918 1850 δ’.
941 1779 992 1844 in·
1093 1851 1100 1858 ,

53 1875 283 1966 terpretatione
298 1874 430 1945 docent.
481 1871 590 1948 Aunub
611 1876 711 1970 igitur
732 1875 920 1968 Aegyptiis,
941 1879 990 1948 vti

51 1973 133 2056 uixi.
157 1999 287 2046 nuruum
302 1975 429 2064 sonat,
426 1997 541 2068 neque
556 1974 658 2045 solum
672 1998 707 2046 er
726 1973 903 2072 separatum
925 2000 990 2068 po·

50 2072 70 2142 Γ
63 2095 164 2160 rum
192 2076 280 2147 aliud
309 2077 432 2172 quidr
411 2075 432 2145 s
433 2074 587 2170 gnificare
616 2076 732 2171 potest
789 2081 883 2147 Hauc
908 2101 990 2147 veto

50 2176 345 2266 interpretationem
362 2199 485 2261 meam,
508 2195 648 2248 amente
664 2198 698 2249 et
709 2165 862 2252 sententia
878 2181 990 2248 Sacer·

50 2277 163 2348 dotum
178 2280 438 2374 Aegyptiorum,
459 2279 592 2350 alienam
614 2299 681 2346 uon
704 2277 784 2359 elle,
834 2281 857 2348 l.
883 2281 987 2348 Exeo

49 2378 154 2472 colligi
168 2381 288 2449 merito
302 2379 426 2476 potest,
454 2377 547 2467 quod
562 2381 636 2449 Aeo
614 2381 719 2470 gyptir
710 2374 867 2450 'Anubim
885 2377 987 2461 suum,

50 2497 184 2571 propter
203 2481 360 2550 tationem
385 2480 449 2550 stne
471 2477 574 2548 dubio
595 2479 778 2571 mysticam„
805 2477 932 2572 semper
944 2502 986 2550 ex
1059 2473 1062 2481 ⁴

49 2575 151 2649 solido
170 2603 259 2652 auro
270 2579 413 2675 lingere,
443 2599 498 2652 aut
518 2603 598 2651 vero
619 2579 684 2672 illi,
709 2603 752 2652 ex
775 2579 837 2656 alio
858 2581 987 2650 mnallo

48 2677 223 2770 fabricato,
244 2707 372 2754 aureum
388 2679 494 2752 saltem
508 2682 635 2752 talarem
656 2629 813 2751 inducere
838 2679 986 2753 solerent.
1102 2761 1105 2768 ,

47 2783 190 2854 Pertinet
204 2781 270 2855 huc
284 2786 585 2865 locusuvctutur
609 2781 694 2880 §.‚
665 2806 681 2852 2
720 2783 914 2865 iamnllatur,
928 2781 986 2851 vbi

47 2901 175 2972 praeter
212 2885 288 2956 alios
317 2887 409 2968 Dens
447 2881 645 2968 barbaricos,
675 2903 872 2953 memoratur
891 2884 986 2952 etiam

47 2977 183 3067 Anubis,
200 3009 241 3055 ιιι
249 2983 353 3090 solido
374 3009 452 3056 auro
466 2983 632 3075 couniatur,
654 2981 773 3084 grauis
791 3001 821 3055 ιι
836 3007 908 3060 oure
921 3007 987 3052 ma·

40 3103 98 3180 gna
94 3090 234 3185 pretii,
257 3081 403 3179 alterque
417 3085 591 3176 scriptoris
612 3085 773 3174 eiusdem,
805 3085 868 3156 illic
890 3079 987 3163 ctiam
1013 3165 1014 3168 Ἴ

46 3183 273 3279 descriptum·
264 3211 296 3256 ιιι
311 3209 382 3281 quo
396 3206 554 3266 narratur,
566 3183 687 3256 furem
703 3187 871 3278 aliquem'
857 3209 892 3284 tu
907 3189 988 3254 Anu
998 3199 1003 3211 ’

38 3279 168 3355 hideum
182 3287 231 3378 fid
253 3287 297 3360 est
317 3289 474 3360 Sacellum
495 3286 669 3374 Anubidis)
688 3281 915 3385 irrupisse‚ib
917 3291 989 3383 ique

44 3389 146 3456 Deum
161 3383 262 3487 ipfium
278 3389 424 3486 (aureum
439 3388 612 3480 quippe-et
624 3389 729 3481 magni
742 3388 871 3478 pretii)
851 3383 988 3480 ffuri-

38 3485 159 3586 priiffl,
185 3484 264 3560 duas
282 3499 359 3560 item
356 3487 497 3608 'phialas
504 3505 780 3696 ἰιιιιῃΐ
666 3505 698 3558 ct
710 3511 838 3558 aureum
861 3483 951 3584 iusup
952 3511 987 3558 ιι·
1031 3491 1034 3497 ’

44 3591 218 3660 caduceum.
269 3587 389 3666 Nescio
412 3611 450 3659 an
474 3583 586 3659 aliisfi
648 3585 868 3682 persuasurus
894 3585 1007 3679 quod·
1128 3589 1146 3648 ι’

44 3689 123 3758 milti
148 3691 244 3761 valde
266 3691 435 3784 probabile
455 3689 510 3780 fit,
534 3667 668 3761 candem
682 3711 750 3782 reru
771 3690 857 3782 tangi
873 3689 905 3756 in
922 3686 987 3756 hoc

42 3809 210 3916 rvotutt
231 3795 479 3888 Epigrammate.

508 3893 576 3966 Ba
868 3815 986 3979 *Τιὶι

41 4005 157 4072 *Vide
174 3981 445 4076 irtlrtlibtihuiut¹
462 4031 523 4145 cap
539 4015 587 4075 tv.
604 4008 703 4096 §.p
