2528 4280
224 122 1017 282 enotaoomwastxxxi

43 357 155 430 latriae
176 353 352 444 celiniam,
372 331 593 429 vtotiea'omni
614 356 684 432 nisu
694 357 849 432 asseruisse
856 409 869 444 ,
895 363 989 434 Deos
1025 400 1028 409 v

43 461 88 529 ab
102 459 251 529 omnibus
263 455 332 529 fere
344 460 377 527 in
392 458 515 528 mundo
534 459 720 530 horninibus
734 462 855 552 culros,-
874 485 909 534 re
923 461 989 555 ipsa

43 559 196 632 homines
217 557 326 645 foille,·
357 558 430 650 poll
452 581 592 630 mortem
616 582 633 629 a
652 561 879 634 Sacerdotibus
892 565 987 634 coelo

42 662 165 744 illatos,
180 663 222 746 ,in
237 679 319 730 terra
334 681 414 730 vero
428 661 602 752 Templis,
636 659 881 755 honoribusque
902 665 987 734 diui·
1100 667 1103 689 '

42 761 94 830 nis
107 761 254 838 donatos.
302 756 585 832 Dodona-eorum
599 759 660 832 hac
675 762 717 832 de
742 781 778 832 re
799 764 868 834 talis
890 765 987 836 ctiam

41 881 141 946 erat,
177 882 216 931 vt
240 860 273 931 se
296 883 363 930 oon
387 855 545 932 mediocri
568 859 859 933 verofinllimdinie
879 865 986 956 specie

43 963 274 1032 commendare
289 951 439 1030 omnibus
455 963 570 1055 pollet.
617 964 798 1055 Scriptores
810 959 988 1048 Christiani,

42 1070 116 1132 eanl
136 1085 201 1132 noo
223 1065 319 1154 primi
338 1063 628 1154 excogitauetant3
667 1061 722 1133 sed
744 1087 760 1133 a
790 1087 985 1136 orooono

45 1163 162 1248 Siculo,
184 1165 315 1256 aliisque
329 1154 432 1254 magni
448 1164 585 1232 nominis
604 1163 822 1257 scriptoribus
844 1165 988 1237 Ethnicis

43 1267 210 1351 traditam,
232 1285 270 1332 rc
285 1283 480 1355 magnopere
493 1271 649 1346 ornatim,
668 1264 904 1355 adoptauerant
919 1287 986 1336 tan·

44 1385 136 1450 tum,
160 1365 312 1456 suamque
326 1367 358 1432 in
373 1369 630 1434 rcmverterant.
687 1366 730 1434 Et
750 1365 907 1438 credibile
928 1367 985 1456 est,

42 1485 267 1556 argumentum
282 1463 368 1551 hoc,
398 1484 415 1534 a
435 1461 653 1555 Scriptoribus
673 1463 816 1555 inprimis
835 1461 987 1538 Christia-

44 1570 111 1652 nis,
141 1566 311 1658 diligenter
332 1559 545 1644 masciatum,
577 1563 922 1658 multosperrnouill'e,
946 1585 986 1638 vt
1122 1611 1125 1616 -
1248 1607 1262 1624 «v

41 1669 220 1736 dodlrinam
238 1665 399 1759 religionis
412 1663 606 1734 Christianae
618 1665 797 1735 accuratius
815 1667 986 1761 exploran-

42 1768 116 1838 dam
131 1765 188 1836 sibi
203 1765 373 1837 sumerent.
448 1764 574 1862 Quidni
596 1763 697 1856 igitur
719 1785 913 1842 svsrarvs
931 1785 986 1840 tot

42 1867 320 1960 praedeceliorum
335 1863 474 1958 vestigiis
492 1857 657 1959 infisteret,
679 1873 837 1954 ac'arma,
859 1865 984 1959 abipso

41 1969 260 2060 scriptoribus
276 1964 416 2036 Ethnicis
431 1965 603 2036 liberaliter
615 1962 835 2057 suppeditata,
859 1965 900 2038 ad
913 1989 986 2038 era·

41 2069 210 2138 dicandam
231 2067 435 2158 impietatem
454 2063 803 2153 cultusjdololetrici,
844 2065 984 2138 feliciter

40 2169 268 2266 conuerteret?
293 2161 357 2236 Etsi
379 2167 479 2258 igitur
496 2158 707 2260 nobiliffimus
722 2169 885 2263 scriptor,
909 2169 983 2240 alias
1130 2221 1133 2227 ,

38 2289 177 2361 quoque
197 2268 239 2338 de
251 2265 609 2360 origineidololttriae‚
630 2265 818 2362 sententiat,
849 2289 884 2340 et
904 2289 980 2360 pro·

37 2371 105 2439 litte
120 2367 207 2450 satis,
231 2365 395 2448 retulerit,
418 2377 437 2416 ¹¹
460 2366 543 2436 illam
559 2383 684 2454 nmen,
717 2387 802 2461 quac
817 2369 978 2464 vult,De·
1001 2387 1030 2428 n·
1056 2363 1213 2456 illam-,¹

36 2493 75 2538 os
91 2469 318 2562 plerarumque
331 2469 496 2559 gentium,
522 2467 631 2561 primo
646 2464 738 2554 fuille
750 2470 899 2542 mortales
915 2489 978 2540 ter·
999 2467 1059 2522 rae.
1072 2455 1186 2544 ΒΨ·

999 2537 1187 2628 Liblllnp.

35 2595 92 2642 rae
114 2567 238 2640 nostrae
257 2571 376 2639 incolas
391 2587 417 2660 ,Ἰ
437 2569 503 2639 aliis
521 2587 634 2658 operte
650 2566 843 2660 anteposuit.
914 2571 977 2642 Sed
999 2624 1053 2683 m·
1068 2635 1098 2686 t,
1109 2627 1144 2690 κ

30 2673 182 2745 ‘omnium
199 2691 304 2740 tamen
317 2669 433 2738 horum
445 2669 613 2740 tutioritrt
625 2669 752 2749 veritati
762 2669 978 2764 praeiudicare

34 2795 96 2844 nec
112 2770 218 2864 potest
234 2794 295 2842 nec
312 2767 425 2842 debet.
464 2774 466 2795 ¹

115 2871 149 2967 §.
182 2873 297 2944 XVlll.
354 2871 475 2940 Verum
502 2887 537 2940 et
565 2867 632 2940 aliis
664 2872 860 2966 argumentis
890 2895 976 2944 nunc
996 2867 1045 2932 Ex
1062 2867 1182 2960 testima-

30 2959 254 3061 ostendamus,
280 2970 459 3052 Oliridem,
487 2965 623 3056 llidem,
646 2975 870 3062 Ammonem,
901 2977 974 3044 l-lo-
995 2955 1183 3060 nosocom-

30 3099 126 3156 rum‚
146 3075 349 3154 Vulcanum,
374 3071 571 3154 Herculem,
600 3067 748 3164 aliosque
766 3072 972 3166 huiusgene-
991 3053 1056 3138 ’Ψ
1097 3042 1183 3127 ΑΨ

29 3177 74 3246 ris
91 3176 172 3244 deos
188 3173 446 3267 Aegyptiorum,
470 3193 536 3240 non
550 3171 641 3242 suillo
653 3169 818 3260 homines,
848 3174 888 3244 ab
909 3173 971 3247 ho·
989 3139 1138 3272 ἔπῃ
1150 3139 1180 3189 ²⁸

27 3277 174 3346 minibus
189 3275 275 3362 aliis,
298 3271 542 3367 postmortem,
565 3271 745 3342 honoribus
759 3273 875 3344 diuinis
889 3295 968 3344 con·
995 3294 1075 3356 inm
1090 3295 1180 3358 Grae.

26 3369 223 3462 decoratos,
247 3394 282 3444 et
294 3374 388 3444 talem
404 3373 605 3464 opinionem,
618 3389 745 3444 merum
760 3372 821 3444 ell'e
841 3373 974 3466 figmen-
995 3399 1040 3440 cos
1056 3381 1179 3462 Scripta·

25 3497 100 3548 rum
124 3477 250 3548 cerebri
270 3477 470 3544 Graecorum
484 3474 723 3556 recentiorum,
747 3473 976 3546 vetustioribus
994 3463 1181 3548 mimda·

22 3579 164 3670 omnino
187 3574 398 3668 incognitum.
472 3575 608 3653 Graeci,
630 3573 690 3666 qui
714 3582 732 3622 ⁰
763 3593 863 3644 totum
877 3594 975 3673 prope
992 3563 1067 3646 ΜΨ
1094 3551 1180 3648 ΑΨ·

23 3681 140 3748 carbon
158 3675 292 3746 humano
306 3695 421 3772 genere
443 3673 665 3770 impleuerant,
696 3673 884 3746 etvefiniae
897 3675 974 3746 huic
988 3649 1065 3716 Μ’
1089 3634 1177 3698 hm

22 3779 166 3850 modum
181 3775 346 3870 ponebant
360 3774 503 3890 nullum,
526 3773 786 3871 clientiumque
799 3773 859 3848 ιω,
875 3778 969 3846 „pm
989 3719 1116 3892 &⁸⁰⁸
1135 3739 1179 3782 ‘⁰‘

498 3875 582 3967 (C)
609 3895 628 3942 2
861 3873 972 3971 Aegy·

121 4007 160 4068 o„
174 3989 333 4056 Clcssllo
354 3981 512 4056 Tuscilio.
532 3987 596 4052 Lib.
611 3989 636 4050 1.
651 4011 675 4054 c.
691 4009 731 4054 ra.
