2506 4292
245 211 288 276 70
385 235 457 302 .··
554 192 900 268 otn.·1.cn-e.m.

151 451 155 463 ,
246 371 475 476 τέςιὲςατικῆς
488 367 866 476 9εεςγίως)·1)ονιιηιιν
883 371 1076 472 'adscendere
1095 413 1141 430 -
1166 371 1223 444 d

248 481 354 563 Deum
366 477 623 570 pfiamopificem.
677 481 798 548 Hicin
824 481 916 549 breui
928 477 1129 572 compendio
1150 500 1217 546 ex-

248 575 422 660 hibentur,
454 578 539 670 qliae
559 581 631 648 alias
652 579 695 648 de
715 577 842 667 altha,
881 579 945 650 flue
972 579 1127 658 l'ulccrna,
1156 578 1219 648 cui

170 693 175 712 ·
211 693 216 712 ·
246 673 327 748 haec
344 681 477 772 proprie
491 677 706 772 competunt,
727 676 836 773 paffim
844 703 879 750 et
887 676 1013 778 sparfim
1030 679 1220 765 obseruaui,

133 817 138 824 ·
247 797 285 846 et
300 801 386 871 quae
407 779 449 849 de
471 779 611 861 Narba,
636 780 685 850 vti
715 805 759 852 ex
780 783 869 852 diois
891 785 1014 878 liquet,
1036 779 1217 856 consimili-

136 879 138 886 '
249 896 301 948 tet
315 881 450 949 dicenda
474 887 622 951 veniunt.

321 1004 354 1064 9.
377 985 455 1050 Non
471 981 754 1074 praetermittenda
768 981 813 1052 est
826 986 921 1068 ratio,
943 983 988 1053 ob
1004 1005 1103 1078 quam
1110 983 1220 1054 Grae-

60 1065 232 1130 W'Wm
253 1101 284 1150 cr
274 1079 470 1162 QNertham
493 1075 713 1180 cum’Alnwi,
729 1083 1218 1180 alineruasun‚conferr1quam

55 1151 204 1252 suane
162 1155 217 1215 ¹⁴*
252 1185 475 1300 optimepolle
489 1205 733 1278 augurarentur,
752 1208 892 1278 eamque
905 1187 1031 1258 idcirco
1045 1188 1218 1256 Minerua

60 1239 479 1394 ξῖἱὲᾙμοωὶηείηΰς
459 1287 603 1356 σηίτειπ.Ι
645 1285 696 1356 Et
710 1287 845 1358 videtur
866 1291 923 1358 vix
943 1289 1019 1382 alia,
1046 1307 1104 1376 aut
1126 1309 1227 1358 certe

58 1364 233 1488 fipianeia'm
254 1388 373 1456 melior
386 1388 637 1480 comparationis
659 1383 755 1456 huius
776 1389 859 1458 ratio
882 1389 950 1458 dari
974 1389 1088 1482 polle,
1117 1411 1226 1480 quam

63 1488 208 1558 diuinam.
252 1485 421 1581 sapientia,
468 1511 568 1582 quam
596 1489 629 1556 in
661 1491 807 1558 Minerua
836 1487 887 1560 sua
918 1489 1036 1560 Graeci
1057 1489 1229 1573 colebant,

252 1609 288 1660 et
302 1611 399 1683 quam
416 1591 514 1658 Saites
537 1589 657 1680 pariter
677 1591 710 1658 in
728 1591 849 1659 Neraha
864 1591 1012 1660 venerari
1057 1577 1188 1659 intellio
1163 1615 1228 1684 ge·

211 1716 213 1722 ’
252 1690 341 1767 bant.
397 1693 570 1761 Neminem
604 1689 711 1782 fugit,
743 1695 885 1765 Graecos
909 1692 1091 1763 Mineruam
1109 1689 1225 1760 hono-

141 1780 145 1786 ’
211 1813 215 1827 ·
250 1791 347 1881 ealle,
370 1812 520 1886 tanquam
536 1791 720 1884 sapientiam
743 1813 777 1861 et
802 1795 1007 1886 prudentiam
1032 1795 1133 1872 louis,
1163 1812 1225 1862 aut

80 1887 83 1896 ’
201 1961 206 1970 ,
249 1894 414 1964 Deorum.
464 1895 539 1962 Eam
567 1892 666 1983 igitur
706 1915 852 1968 nonex2
877 1895 993 1984 copula
1020 1894 1223 1962 mariscum

249 1989 391 2064 foemina
416 1993 536 2064 editam
557 1993 618 2062 elle
633 1987 815 2086 fingebant;
844 1993 898 2064 sed
912 2018 956 2068 ex
976 1995 1113 2062 cerebro
1130 1996 1225 2064 louis

248 2093 434 2241 prosiluisse.
481 2095 595 2165 Fabula
609 2091 688 2164 haec
698 2097 898 2166 Graecorum
919 2095 1053 2188 quidem
1069 2092 1124 2177 est,
1148 2114 1222 2162 non

286 2199 549 2290 Aegyptiorum,
567 2195 1090 2287 quiMineruamsuantnonIoue;
1114 2193 1224 2265 [edu

182 2347 184 2352 ,
249 2296 329 2366 Nilo
352 2299 510 2390 genitam,
558 2298 590 2364 in
615 2294 707 2366 sacris
724 2292 971 2400 Commentariis
988 2296 1222 2388 perhibebant.

244 2400 313 2468 Sed
331 2421 417 2478 rem,
442 2395 499 2466 sub
519 2396 644 2467 cortice
659 2395 786 2469 fabulae
803 2385 1009 2492 graecanicae
1025 2397 1221 2482 latitantem,

248 2497 404 2568 videntur
417 2498 553 2566 omnino
567 2497 665 2565 etiam
688 2501 845 2602 Aegyptii
865 2498 1036 2592 agnouille.
1084 2501 1223 2591 Negare

248 2619 316 2671 non
331 2599 476 2692 polium.
501 2601 533 2666 in
548 2596 663 2668 fabulis
683 2591 925 2692 Aegyptiorum
949 2594 1108 2690 vulgatis,
1137 2621 1222 2692 par·

248 2719 321 2770 cam
343 2719 380 2768 et
401 2723 501 2768 raram
524 2696 662 2770 Neithae
680 2703 879 2771 mentionem
906 2699 1000 2782 fieti,
1025 2697 1111 2768 forte
1135 2703 1223 2792 quia

246 2797 435 2890 saepiussub
450 2801 639 2894 generaliori
662 2795 749 2870 lstdis
770 2803 901 2898 nomine
922 2786 987 2892 ipsa
1003 2802 1094 2870 venit
1115 2799 1220 2874 intel·

247 2901 396 2993 ligenda,
420 2899 508 2971 forte
524 2923 604 2970 veto
621 2903 737 2983 etiam,
762 2905 838 2994 quia
854 2902 999 2998 Aegypti
1020 2901 1148 2971 incolae
1166 2893 1224 2974 ef

132 2985 152 3009 ⁸
248 2999 352 3074 fectus
378 3023 510 3074 naturae
524 3000 755 3106 adspeoabiles
771 3003 893 3086 laetos,
920 3023 954 3073 et
977 2995 1220 3074 viclffitutlines

1183 3107 1219 3174 in

206 3317 216 3350 κ
244 3281 264 3322 '
279 3285 453 3386 Boeotiam
467 3288 547 3351 vltto
568 3287 700 3369 agnoscit
728 3305 905 3354 troctas
933 3307 1059 3387 magnos
1095 3275 1221 3350 cete'ro·

283 3369 569 3516 quip'lheologiae
572 3375 703 3436 Graecae
717 3391 750 3437 et
764 3373 934 3484 Aegyptiae
947 3372 1127 3470 conciliator
1148 3373 1186 3436 L.
1193 3373 1220 3436 1.

288 3473 321 3516 ra
369 3475 502 3518 imaeum
570 3479 615 3520 a.
654 3479 680 3515 ο.
807 3515 813 3531 ,

203 3602 204 3605 ,
244 3533 285 3582 ¹³*
308 3555 458 3602 cronno
481 3459 707 3604 ὀεῐᾶτὲἐεοτ.
721 3539 788 3603 Lib.
811 3538 906 3605 Ille.
928 3559 971 3616 ²3·
1005 3537 1219 3602 secundanti-

223 3642 232 3662 ‘
282 3629 377 3685 uerita
391 3638 456 3684 erte
469 3622 555 3695 Nilo,
577 3641 663 3703 quam
685 3623 829 3704 Aegyptiis
849 3623 946 3686 Saitae
960 3623 1067 3686 colmar.
1110 3622 1161 3684 Sic
1184 3639 1219 3685 et

281 3723 770 3786 anNon1vsp135.137.et1..
789 3723 985 3770 ameeotvs
1009 3705 1076 3771 Lib.
1097 3725 1219 3767 memo·

284 3789 354 3851 riali
368 3810 432 3867 cap.
445 3809 473 3865 9.
488 3787 573 3850 Alibi
588 3806 689 3850 autem
703 3789 763 3850 iam
772 3791 963 3867 monuimus.
982 3790 1141 3852 locutione
1161 3789 1218 3852 hae

283 3871 317 3934 ia
322 3870 506 3968 significati,
528 3871 653 3933 Numen
671 3869 803 3936 ealeelle
825 3875 967 3956 Aegypto
989 3873 1162 3957 preprium,
1184 3889 1219 3936 et

282 3953 333 4019 illi
346 3973 488 4038 parentes
504 3955 610 4018 nullos
628 3951 769 4038 alligavi.
