2518 4296
247 167 322 264 ‘25⁸
442 188 443 197 Ν
535 144 703 246 brun
750 111 988 271 onem(
1118 193 1136 266 ς

271 345 361 421 solor
385 347 530 420 Graecos
551 348 651 428 voice
672 343 800 420 reidet.
862 347 948 424 Nam
970 365 1008 420 tt
1026 335 1222 443 ipsr'quoqot

1 453 2 460 ’
149 480 152 488 ·
216 499 220 508 -
272 451 457 522 sacerdotes
480 449 659 542 Aegyptii,
683 451 717 518 in
731 445 866 519 diuerso
880 450 972 542 tegni
987 450 1150 542 partibus,
1170 447 1225 518 seo·

108 563 129 583 ”
271 543 383 624 tentiis
396 565 434 621 at
449 550 761 640 consuetudinibus,
783 550 870 622 circa
891 541 1122 647 seoquasdam
1138 549 1229 632 sacru,

25 646 28 653 ’
272 651 493 726 aseinuicem
516 649 646 722 discreti
669 671 770 722 erant.
823 655 889 724 Res
912 649 958 722 est
979 672 1059 724 nota
1080 673 1116 724 et
1135 651 1228 724 testata

211 779 232 804 ··
272 753 367 839 satis,
392 753 433 824 de
445 775 511 850 qua
527 753 618 845 plura
633 752 732 822 verba
752 751 872 834 facere,
897 753 976 824 nibil
990 755 1118 824 attinet.
1164 757 1227 824 Non

274 878 350 950 raro
364 844 461 928 etiam
481 853 539 925 vsu
553 851 715 938 veniebat,
740 875 789 938 vt,
804 847 957 949 quamuis
971 853 1014 925 de
1032 880 1069 946 re
1081 853 1148 948 ipsu
1161 855 1229 930 bene

9 966 14 1013 ἰ
128 1021 132 1029 .
273 953 312 1029 et
342 957 468 1044 amice,
492 959 578 1026 intet
596 953 778 1028 sacerdotes
793 955 952 1034 variarum
973 958 1120 1050 Aegypti
1140 957 1231 1050 regio·

274 1077 375 1142 trum,
399 1059 613 1156 conueniret,
636 1056 723 1127 illam
745 1075 854 1136 tamen
877 1079 966 1139 retn,
990 1059 1182 1128 vnanirniter
1201 1056 1230 1126 ab

275 1159 369 1233 omni
384 1159 648 1260 partepgnitam,
672 1177 706 1228 er
727 1161 918 1252 receptam,
941 1157 1075 1230 diuerlis
1097 1157 1233 1249 symbolis

86 1278 87 1289 ¹
209 1337 214 1346 ,
275 1263 514 1355 exprimerent,
541 1261 741 1351 populoque
757 1255 1006 1332 subindicaren'r.
1056 1257 1177 1332 Monoi
1186 1263 1235 1329 ian

122 1397 137 1422 κ
277 1355 391 1456 supra,
419 1379 498 1433 ante
529 1357 792 1432 Ptolemaeorum
821 1373 1001 1452 tempora,
1035 1359 1235 1458 Harpocratis

7 1466 12 1477 '
242 1519 246 1531 -
274 1469 369 1540 sacra
385 1463 531 1556 Aegypti
553 1458 715 1530 inferioris
732 1454 869 1544 ineolis,
891 1463 1109 1554 utplurimum
1127 1467 1236 1558 ignota,

223 1637 228 1644 .
274 1584 370 1640 terte
392 1560 592 1644 nonvstata
606 1560 709 1631 fuisse.
757 1563 801 1631 Et
823 1582 933 1632 tamen
958 1562 1118 1655 resipio,
1148 1583 1237 1657 quant

200 1679 205 1690 “
275 1665 459 1740 sacerdotes
473 1659 684 1752 Thebaidos,
712 1663 922 1756 Harpocrarit
938 1661 1087 1752 symbolo
1101 1665 1236 1736 wdeelara-

231 1828 238 1835 .
275 1785 345 1842 tam
360 1766 535 1850 volebant,
556 1764 752 1857 renascentia
768 1787 889 1860 nempe
909 1785 947 1862 et
964 1768 1130 1836 renouatio
1153 1765 1236 1843 Solis,

278 1872 314 1942 in
329 1871 485 1963 Aegypto
503 1863 672 1956 inferiori,
691 1873 760 1934 no‘n
782 1865 875 1936 aliter
896 1885 998 1960 atque
1019 1869 1054 1939 io
1073 1867 1239 1959 superiori,

203 2045 208 2056 x
279 1968 423 2065 impensa
437 1966 555 2039 laetitia
569 1964 746 2037 solenniter
757 1965 994 2050 celebrabatur,
1016 1967 1063 2040 de
1074 1991 1148 2062 quo
1161 1966 1241 2040 suot·

281 2085 339 2143 ulo
355 2067 598 2164 Aegyptiorum
612 2063 719 2154 sesto,
741 2067 939 2162 aliquando,
961 2067 1043 2140 liita
1058 2069 1163 2142 visum
1177 2067 1242 2139 foe·

278 2175 327 2246 tit
340 2173 432 2255 Deo,
443 2169 486 2240 ad
502 2167 657 2238 Tabulam
670 2167 850 2239 Bembinam
865 2171 956 2264 plura
964 2171 1126 2247 dicemus,
1180 2175 1243 2244 Ve-

277 2293 354 2347 rum
366 2271 432 2344 alio
444 2271 580 2344 nomine
601 2269 838 2364 defigmbator.
887 2273 931 2342 Et
950 2263 1174 2366 potentum
1193 2269 1243 2341 so·

278 2373 415 2448 uanus
429 2368 523 2452 haee,
545 2371 1015 2458 rememoriaSolirrenooati,
1040 2395 1109 2444 non
1122 2376 1242 2445 incon·

280 2473 438 2549 modead
451 2473 577 2542 Homm
591 2470 763 2555 transferri,
776 2471 823 2542 ob
838 2474 989 2558 rationes,
1007 2491 1046 2546 et
1058 2475 1243 2572 tapireboc,

280 2596 318 2648 et
332 2591 405 2669 top.
421 2576 478 2646 lv.
491 2570 663 2669 expofiut.
679 2573 745 2646 Sed
767 2591 803 2644 et
813 2571 929 2645 referri
939 2591 1076 2669 poterat
1088 2577 1130 2648 ad
1143 2573 1244 2673 ipsum

281 2673 466 2758 osiridem,
493 2675 526 2746 in
548 2671 665 2745 fabular
683 2675 815 2766 quippe
834 2673 1084 2748 sacerdotalibus
1103 2671 1258 2758 ratium,

280 2775 395 2871 postet
409 2795 492 2848 vero
505 2774 545 2845 ab
561 2796 668 2846 vxore
687 2775 878 2860 inuentum,
898 2769 1011 2870 eoque
1033 2779 1139 2850 veluti
1159 2797 1258 2850 renam

114 2951 119 2964 ,
279 2866 365 2952 rum.
399 2877 458 2950 sia
473 2875 516 2948 de
537 2875 627 2948 causa
641 2874 809 2946 solenniter
831 2875 911 2947 haee
926 2878 960 2946 iri
982 2878 1064 2951 locis
1084 2901 1152 2950 non
1165 2899 1258 2976 pau·i

154 2975 170 3004 “
279 2982 328 3053 cla
352 2979 539 3076 nuncupari
555 2974 679 3048 solebat
703 2973 842 3046 irruentia
871 2973 1016 3073 ostridir.
1072 2983 1115 3052 'ln
1140 2963 1258 3054 minoi

282 3103 355 3154 erm
377 3079 518 3157 habebar
544 3097 768 3168 armatus,
799 3077 859 3152 vbi
879 3081 914 3151 in
935 3081 1106 3155 itinerario
1127 3081 1200 3158 Lib.
1221 3081 1245 3156 1.

280 3202 315 3258 v.
328 3203 386 3271 375.
400 3181 498 3252 canit.

331 3306 389 3380 Illo
405 3304 520 3404 quippe
536 3291 588 3374 die
602 3289 730 3374 tandem
743 3319 914 3380 renouatus
936 3303 1034 3404 ostrir
1050 3267 1053 3271 .
1183 3355 1190 3369 .

164 3476 167 3484 ,
258 3453 261 3460 »
379 3411 506 3480 Excitat
521 3405 829 3502 infiugesgermina
841 3410 1047 3485 laetarum.

198 3559 204 3566 ·
276 3529 886 3624 Errvvunamssmynvlll,29.
950 3529 954 3538 ’

328 3655 515 3730 Exclamare
526 3651 619 3743 libet,
632 3653 771 3752 populas
783 3657 874 3756 quod
885 3639 1004 3732 clamat
1020 3645 1102 3759 ostri

180 3803 184 3810 ·
325 3763 458 3829 quenta
473 3793 519 3813 -

275 3883 333 3961 Ad
353 3905 439 3982 quae
459 3877 552 3984 haee¹
564 3873 713 3960 obstruat
735 3879 833 3961 serus
853 3881 1044 3988 scholiastes.
1091 3889 1253 3989 ,sepulta

1112 3997 1254 4096 fl'sssll'
