2654 4286
380 169 536 298 ultus
569 142 809 259 ntv'vtvs.
1010 203 1067 275 un
1152 258 1154 266 .

108 380 147 434 at
162 359 285 432 mlius
292 365 516 455 pronuntiant.
539 365 634 435 Sion?
658 374 747 436 Nam
759 366 832 438 mor
841 365 1059 450 traiaftistt‘u.
1104 418 1108 430 s

109 465 204 556 risfit
221 463 312 550 Ost,
338 461 642 535 amterminum
649 471 835 562 graecanica
855 457 1092 574 (ἵληθι.

107 567 211 638 Osiris
224 569 361 662 merga.
416 569 512 638 Paulo
527 569 617 638 aliter
631 575 682 639 vir
696 573 841 662 optimus
856 591 924 642 teut
945 593 1057 664 aggre-

108 667 222 758 ditur,
251 689 347 757 quam
366 667 436 756 alii,
459 691 544 762 quos
557 688 648 738 antea
669 669 833 742 nominaui
841 693 860 770 ς.
875 669 932 742 sed
945 673 992 740 rei
1007 691 1057 740 ta·
1206 687 1210 696 ·

107 791 184 837 men
203 766 322 838 summa
344 767 469 864 semper
490 767 603 839 eadem
625 793 784 844 nunentc.
815 771 819 780 '
837 771 968 864 Nempe
989 790 1052 840 tta·

106 871 205 941 itflio
222 871 386 940 literatum
409 868 469 961 ipsi
490 851 629 940 subsidio
651 875 754 944 venit.
802 873 845 943 Et
867 871 950 966 quid
971 877 1051 958 non,

106 967 272 1040 beneficio
301 969 406 1040 felicia
425 991 460 1040 et
487 970 640 1042 foecundi
669 971 764 1044 liuius
793 973 941 1064 inuenti,
987 974 1051 1042 viti

102 1070 424 1161 muditiptaeslant?
453 1070 760 1171 llaecsanecfficit,
789 1093 828 1144 vt
840 1097 886 1144 ex
899 1074 1052 1166 quolibet

103 1169 271 1264 quidlibet
285 1173 372 1244 nullo
388 1171 526 1265 negotio.
536 1173 741 1266 exsculpere,
765 1195 799 1245 ct
819 1175 974 1268 imperitia
996 1173 1051 1245 su·
1132 1211 1135 1217 ·

104 1293 185 1344 cum
201 1269 450 1366 facetepoffint.
482 1277 623 1346 'Verum
641 1273 810 1370 profesio,
834 1297 873 1346 vt
886 1277 979 1370 quod
999 1297 1050 1345 tce

102 1371 152 1442 est
166 1371 290 1456 dicam,
308 1374 376 1443 duo
392 1373 471 1446 haec
483 1376 631 1467 nomina,
652 1379 732 1446 Sitis
744 1399 778 1446 ct
796 1377 907 1472 ostris,
930 1377 1048 1446 nullam

100 1473 192 1544 inter
204 1471 255 1554 se,
276 1464 335 1543 ¹nist
349 1475 380 1544 in
395 1473 462 1546 solo
478 1476 639 1546 literatum
654 1475 754 1564 sono,
784 1472 969 1548 affinitatem
994 1475 1051 1546 ha·
1197 1475 1200 1490 ’

103 1575 206 1661 benc,
230 1595 337 1667 neque
352 1577 566 1648 remeandum
590 1575 764 1670 fignificate
786 1578 930 1670 poliunt,
952 1576 1047 1670 quod
1072 1633 1077 1638 .

103 1674 189 1748 mihi
204 1677 379 1748 nouinuiti
395 1677 589 1771 largientur,
613 1680 672 1770 qui
687 1699 721 1748 et
735 1679 878 1772 linguae,
903 1695 938 1748 et
951 1676 1048 1748 Anti·
1074 1733 1076 1738 ,
1161 1733 1162 1743 ,

99 1779 265 1869 quitatum
284 1779 445 1869 Aegypti,
466 1777 616 1877 idoneam
630 1778 690 1850 fibi
710 1781 857 1850 notitiam
878 1799 1048 1869 compara-

100 1896 191 1948 runt.
246 1879 325 1948 Non
341 1879 437 1970 magia
449 1901 549 1948 voces
563 1879 632 1948 illae
648 1883 866 1972 Aegyptiacae
884 1877 948 1952 sese
963 1899 1046 1946 con·
1150 1943 1163 1967 ,

100 1978 235 2072 tingunt
247 2026 266 2067 ‚.
290 1997 346 2048 aut
372 1979 511 2070 aliquam
547 1977 783 2072 significationis
818 1980 1046 2070 cognationem

98 2080 263 2170 probent,
285 2081 429 2172 quamin
443 2080 632 2150 Latinorum
655 2081 778 2174 lingua„
803 2080 927 2152 lacerna
949 2099 982 2150 et
996 2079 1046 2148 lu·

99 2201 215 2264 terna,
238 2177 476 2262 alluentium,
496 2178 584 2250 bolus
598 2200 633 2250 et
645 2180 770 2264 obolus,
791 2203 922 2251 aceruus
935 2199 969 2249 et
982 2202 1046 2247 ttr-
1092 2195 1108 2268 f
1235 2191 1243 2213 s

99 2301 189 2374 aas,
220 2281 286 2376 lego
309 2299 344 2352 et
367 2281 455 2374 ligo,
494 2302 529 2352 et
557 2280 678 2358 infinita
706 2282 800 2354 huius
824 2283 949 2376 generis
976 2282 1045 2352 alia.

97 2381 340 2478 Ong'ynatiooes
354 2379 572 2466 eiuscemodi,
596 2379 651 2452 nist
671 2381 818 2468 aliunde,
839 2406 876 2455 ac
900 2380 1046 2474 inprimit
1145 2468 1150 2479 x
1301 2461 1307 2472 y

98 2501 159 2554 aut
178 2503 223 2552 ex
243 2503 281 2552 te
300 2478 384 2574 ipsa,
407 2503 464 2551 tut
480 2503 523 2553 ex
541 2481 652 2556 indole
672 2503 706 2557 ct
727 2483 784 2554 vsu
804 2485 931 2584 linguae
952 2502 1044 2552 cetto

96 2581 312 2663 stabiliantur,
336 2580 383 2654 nil
405 2580 497 2664 sunt,
519 2577 576 2654 nist
596 2605 676 2654 man
698 2604 840 2680 putaque
856 2605 975 2678 mgenn
994 2583 1046 2654 lu·

97 2681 169 2768 sus,
194 2681 301 2776 specie
313 2683 416 2776 alque
430 2683 586 2757 acuminis
600 2687 705 2760 ninus
727 2686 921 2758 exercitatos
937 2677 1043 2753 ludifi-

98 2798 227 2865 centts;
250 2780 304 2854 sed
319 2785 410 2862 omni
426 2781 698 2856 soliditatemcui.
745 2785 895 2864 Fluuium
904 2783 1044 2855 Aethio·
1172 2822 1174 2828 ,

96 2907 157 2980 pet
171 2884 326 2958 dixerunt
338 2907 403 2956 non
419 2885 519 2978 Ofirin
527 2911 541 2971 ‚-
564 2884 617 2958 sed
632 2886 747 2960 Sinin:-
761 2881 897 2956 vicillnn
914 2887 1045 2962 Numen

97 2983 192 3057 suum
228 2985 385 3078 Aegyptii
419 3007 585 3077 nunquam
612 2989 719 3070 Sirin,
763 2985 889 3076 semper
919 3003 1044 3054 tantum
1148 3065 1152 3070 ⁶
1274 2970 1278 2979 Α

92 3085 227 3180 ofirt'n..
266 3089 361 3162 Duae
382 3083 443 3156 luae
472 3108 573 3160 voces
593 3107 668 3157 tuto
688 3089 825 3179 coelura
846 3080 880 3156 se
901 3087 1042 3156 inuicem

97 3185 190 3258 sensu
206 3182 492 3280 et‘flgnificatione
520 3185 656 3258 distamt
705 3191 801 3264 altera
822 3185 944 3260 Aethio
969 3183 1043 3254 ibut

96 3307 242 3370 tantum,
262 3287 357 3360 altera
372 3309 453 3358 veto
475 3287 645 3382 Aegyptiis
660 3289 693 3358 in
716 3289 772 3360 vsu
794 3283 867 3363 fuit.
956 3305 1043 3375 eque

97 3390 196 3460 etiam
223 3389 424 3481 cognationis
452 3388 547 3460 huiua
581 3389 665 3462 intet
693 3381 927 3478 Aethiopicum
948 3387 1044 3466 Sinin,
1119 3391 1122 3404 ‘
1209 3349 1220 3418 *¹

97 3507 132 3560 et
146 3491 343 3582 Aegyptium
360 3489 480 3582 Ofitt'n,
502 3491 536 3560 in
557 3507 624 3560 tota
648 3490 870 3584 Antiquitate,
894 3488 947 3558 vel
970 3487 1044 3554 vola
1093 3569 1098 3574 Ι

97 3610 209 3672 extat,
230 3589 283 3660 vel
304 3588 484 3684 vestigium.
538 3593 623 3662 Nam
646 3589 737 3682 quod
759 3587 892 3682 quidam
915 3587 1069 3680 Sirim·

98 3691 231 3788 Asinum
246 3691 428 3780 caniculae,
450 3692 481 3759 in
496 3690 670 3762 subsidium
695 3709 837 3773 vocant,
867 3688 901 3758 in
921 3710 963 3760 eu
984 3709 1043 3778 pt-

98 3792 184 3861 nitus
198 3789 311 3860 frustra
325 3787 406 3862 sunt.
455 3793 557 3878 Siris,
576 3813 614 3862 vt
631 3789 729 3884 saepe*
738 3791 899 3877 diximus,
914 3788 958 3860 est
974 3807 1045 3886 voit

96 3891 281 3986 Aethiopica
288 3915 302 3978 y
325 3911 358 3964 et
374 3891 491 3984 Sirius,
525 3915 587 3964 uec
608 3891 822 3984 Aethiopica,
846 3911 908 3960 nec
932 3894 1045 3978 Aegy·

499 4047 522 4056 ..
592 3995 620 4061 ll
647 4019 661 4081 3
925 3990 1048 4081 ptiaca;
