2524 4284
236 183 310 266 ,193
405 173 416 194 ·
471 195 485 268 g
527 173 619 244 uto.
644 173 687 244 v.
725 171 835 246 cnr.
863 171 920 249 vt

250 349 390 434 didutn,
425 341 579 422 sumtibus
602 349 860 424 Ptolemaeorum
882 346 1025 440 Serapidi
1054 346 1086 414 in
1119 344 1202 416 vrbe

153 507 157 520 ,
249 453 301 522 illa
314 454 505 524 extrudunt
576 454 699 544 Neque
720 473 804 542 opus
827 450 899 544 eli,
929 469 968 520 vt
992 447 1143 542 pluribus
1168 448 1202 514 id

250 548 441 623 confirmem
454 554 661 644 argumentis.
741 555 820 622 Non
841 549 974 622 difficile
987 571 1071 622 vero
1091 547 1205 630 fuerit,

160 735 165 760 Ι
248 655 407 726 rationem
423 652 581 736 indicare,
601 653 647 722 ob
661 675 759 747 quam
776 655 891 724 Graeci
899 652 1089 743 Serapidem
1101 652 1205 721 Alex·

249 755 420 829 andrinum
437 777 517 824 curn
539 754 729 850 Aesculapio
749 752 808 824 suo
829 777 1055 847 componete,
1087 752 1204 846 illique

250 853 347 928 nutis
360 876 478 925 nomen
493 857 664 948 imponere
677 852 759 926 soliti
773 853 844 926 lint.
892 856 1021 926 Etenim
1039 855 1130 922 inter
1143 859 1204 920 du·

242 979 288 1026 os
308 954 368 1029 bns
387 954 519 1028 affinitas
533 980 572 1027 sc
596 954 769 1028 fimilitudo
791 956 982 1037 intercedit,
1013 977 1111 1028 certe
1136 977 1205 1022 non

126 1129 128 1138 ,
248 1055 439 1138 mediocris,
461 1075 496 1128 et
514 1057 681 1130 confestim
697 1058 737 1128 ab
753 1057 957 1150 unoquoque
974 1056 1070 1126 sicile
1087 1053 1205 1126 obser-

247 1157 361 1231 uanda.
414 1159 547 1232 Norunt
561 1183 696 1250 omnes,
715 1163 857 1233 Graecos
869 1154 1086 1257 Aesculapium
1108 1155 1204 1226 suurn

246 1279 420 1332 venermos
433 1259 515 1345 else,
537 1281 687 1352 tanquam
702 1274 852 1356 magnum
868 1261 1058 1335 Medicinae
1074 1277 1113 1328 et
1129 1257 1206 1328 Me-

247 1359 399 1432 dicorum
414 1363 543 1444 Deum,
562 1364 621 1454 qui
635 1367 774 1457 aegrotis
787 1361 1018 1442 valetudinem,
1044 1366 1114 1430 et*
1131 1357 1204 1455 ipss

248 1459 331 1532 adeo
346 1463 484 1536 mortuis
497 1465 597 1534 vitam
611 1463 778 1536 restituere
790 1463 904 1555 pollet.
932 1462 970 1533 ld
986 1461 1097 1554 ipsum
1114 1485 1201 1553 quo-

249 1583 316 1654 que
328 1563 371 1634 de
382 1561 546 1661 Serapide,
576 1587 642 1634 non
666 1565 822 1660 Aegyptii
838 1584 962 1636 tantum
977 1593 1001 1646 3:
1024 1583 1149 1634 vemtu
1170 1581 1203 1632 et

249 1667 416 1736 Graeciae
431 1667 570 1738 Romani
586 1664 643 1736 fibi
660 1663 910 1758 persuadebant,
932 1665 1021 1734 vnde
1036 1663 1113 1734 lieri
1123 1685 1203 1734 con-

248 1765 415 1852 sueuerat,
442 1765 479 1806 ““
502 1786 540 1839 vt
561 1787 737 1862 aegrotos,
762 1764 883 1836 morbis
902 1763 1203 1836 etinfirmitatibos

248 1867 342 1936 variis
358 1871 576 1951 excruciatos,
597 1871 630 1936 in
644 1868 822 1960 Templum
837 1868 906 1937 eius
919 1865 1142 1949 deducerent,
1160 1863 1202 1934 fi·
1254 1941 1255 1956 χ

247 1967 379 2039 nandos.
431 1968 663 2042 celebrabatur
676 1969 821 2061 inprimis
836 1991 879 2038 eo
894 1969 1027 2038 nomine
1045 1965 1203 2036 Aescula-
1254 2035 1255 2058 Ξ

247 2071 339 2164 pius,
369 2071 463 2162 quod
487 2073 594 2142 coecis
615 2070 769 2140 redderet
791 2068 919 2150 visum,
958 2070 1056 2156 quod
1079 2069 1145 2138 vel
1160 2087 1203 2136 ex
1254 2072 1255 2118 l

246 2193 558 2244 antsrorunnrs
573 2173 664 2242 Pluto
678 2171 806 2240 abunde
823 2169 976 2262 patescit,
997 2171 1029 2238 in
1045 2189 1118 2261 quo
1130 2171 1204 2239 De-

246 2292 285 2341 us
299 2271 393 2342 hicce
408 2273 610 2358 diuitiarum,
634 2271 687 2343 sed
704 2293 842 2359 coecus,
871 2273 903 2340 in
923 2273 1044 2357 lbnu'm
1074 2268 1204 2340 Aescu·

246 2373 322 2464 lapii
339 2373 503 2458 defertur,
528 2395 566 2444 vt
582 2373 684 2444 visum
701 2373 766 2442 illic
786 2393 971 2466 recuperet.
1022 2371 1086 2443 eui
1110 2371 1203 2462 iungi
1253 2397 1254 2412 2

246 2474 355 2568 potest
370 2497 559 2548 currunt
577 2473 759 2548 Thesaurus
777 2477 850 2566 Pag.
864 2475 994 2543 vau.
1012 2469 1159 2564 inscript.
1170 2497 1202 2559 9.
1253 2445 1254 2504 l

247 2594 282 2646 ct
298 2581 368 2667 Pag.
387 2579 496 2646 [XXl.
517 2573 665 2668 inscript.
682 2598 704 2653 t,
754 2567 843 2644 idem
859 2593 985 2643 veteres
1000 2571 1204 2667 deserepr'dt

247 2679 453 2768 praedicant,
483 2679 576 2750 cuius
590 2680 654 2763 rei,
680 2699 721 2745 ne
737 2675 897 2768 prolixior
911 2673 985 2760 sim,
1009 2677 1202 2765 exemplum

248 2777 479 2858 memorabile,
516 2779 700 2848 dummodo
720 2773 758 2844 fir
779 2797 922 2856 verum,
953 2773 1060 2846 adfert
1079 2794 1204 2844 rici·
1252 2815 1253 2840 n

201 2937 204 2945 ,
249 2899 342 2958 τνε,
363 2865 792 2971 Histor.tib.1V.cap.'sr.
845 2876 915 2974 Qui
938 2869 1112 2969 Aesculapii·
1136 2897 1206 2945 ma-
1252 2844 1253 2890 ¹

250 2999 327 3048 num
351 2977 588 3049 auxiliatricem
604 2977 837 3072 implorabant,
872 2981 905 3046 in
928 2977 1110 3072 Templum
1133 2979 1206 3047 eius

6 3065 8 3092 ¹
118 3120 127 3146 s
251 3077 476 3177 vehebantur,
505 3081 741 3152 vtibinosiem
756 3079 985 3170 transigerent,
1008 3076 1203 3172 easp'esreti,
1251 3109 1252 3112 ¹

76 3201 84 3217 ·
144 3242 149 3255 .
252 3177 743 3272 sore,vts1bidormientibus,
772 3179 1203 3271 perquietemremedium

251 3277 355 3352 sutum
369 3280 610 3365 ostenderetur,
632 3280 723 3376 quod
739 3297 782 3350 ex
795 3302 844 3352 att
855 3301 1114 3351 tsroenanrs
1127 3283 1204 3350 Pn-

252 3398 286 3454 to
300 3381 370 3452 satir
382 3381 544 3478 superque
558 3385 691 3478 intelligi
710 3380 832 3473 potest.
907 3383 1056 3451 Eundem
1077 3403 1203 3452 morem

252 3479 421 3556 seruabant
447 3487 567 3570 etiam,
617 3489 674 3581 qui
703 3479 867 3578 Serapidis
892 3479 992 3578 opem
1026 3481 1204 3576 poscebant

331 3595 334 3603 “
469 3603 473 3613 “
759 3624 766 3638 ·
967 3625 973 3634 ·
1069 3587 1203 3676 aegroti.

255 3723 799 3822 ‘Evn11›1oasinillcesslv.125.
843 3747 1048 3798 eanonnvs
1073 3731 1199 3805 Pythion

175 3867 179 3886 2
251 3809 260 3828 ’
297 3815 354 3880 Od.
369 3817 418 3880 nt.
429 3841 462 3964 p.
476 3839 533 3882 aar.
549 3818 623 3882 Edit.
638 3807 829 3904 Panli'Stepb.
847 3833 876 3879 et
890 3815 925 3879 ad
941 3813 1026 3878 illum
1041 3813 1138 3880 loetnu
1156 3837 1199 3880 ve·

298 3911 342 3960 lut
359 3902 428 3964 Scho
440 3903 531 3990 infles.
670 3903 676 3924 ¹

236 3975 289 4060 1⁸*
306 3987 520 4054 Assttnnvs
536 3985 711 4078 dennintal.
726 3987 794 4052 Lttn
808 3989 861 4058 xl.
877 4005 994 4073 capae.
1009 3978 1108 4067 3433.
1249 3983 1250 4004 ¹
