2654 4286
303 115 877 278 nris,-rnvnussa‘csn.
951 139 979 194 ’·
1009 175 1062 266 ἠις
1261 121 1265 129 x

97 361 249 458 grancei
276 383 319 444 a,
339 361 417 455 Apis
432 360 591 454 Memphi,
610 364 738 434 Maeuia
751 363 923 456 Helioposi,
946 381 977 431 et
989 361 1061 432 hir·

105 486 163 532 crts
177 469 223 532 M
338 486 373 548 s,
390 459 508 531 diuinis
521 461 950 557 bonoribusdonatifuerinr.
1001 467 1061 536 Vi·
1167 475 1171 490 “

103 566 160 636 xit
183 585 292 634 autem
321 585 382 634 rex
403 565 456 636 isse
475 563 698 647 Thinitarum,
715 565 763 635 ‘sr
793 567 919 638 calculis
940 563 1057 636 stamus

104 687 332 736 messurus
358 682 394 736 et
414 664 639 747 vruuotir,
663 685 720 737 aut
741 687 833 750 ante,
857 667 1056 739 autnonita
1089 721 1091 726 ,

103 767 167 834 diu
189 765 261 856 post
277 765 455 836 Abmhanri'
469 768 690 852 natiuitatem,
707 791 745 837 ac
765 785 936 861 antequam
956 768 1056 838 Patri-

50 849 56 872 ⁹
101 865 201 936 archo
217 866 270 936 hic
287 863 545 958 proficisceretur
556 869 589 937 in
604 863 806 962 Aegyptum.
856 873 933 940 iioc
946 867 1057 960 igitur,
1208 873 1212 881 '

94 965 128 1036 ·fi
144 989 195 1036 res
211 969 253 1036 ita
267 989 344 1038 rere
358 967 388 1038 se
404 966 555 1049 haberet,
581 991 685 1040 meum
705 968 893 1050 sententiam
908 967 1055 1043 funditus
1210 963 1216 994 '¹

102 1088 281 1140 euerteret:
329 1071 410 1148 Duo
426 1067 479 1137 hic
498 1089 697 1153 occurrunt,
720 1092 805 1163 quae
825 1071 903 1139 mihi
925 1070 1055 1164 negoti·

102 1191 165 1240 um
183 1167 347 1239 facessunt.
396 1173 481 1240 Nam
530 1167 1056 1262 1)aiseuerutur‚·cuitumApi·
1181 1178 1186 1202 '
1282 1190 1290 1204 ²

102 1269 213 1338 disin
239 1274 411 1362 Aegypto,
448 1271 569 1341 seculis
599 1271 744 1363 pluribus
764 1271 966 1362 anteuertissp
986 1271 1054 1342 exi·

103 1391 177 1440 rum
199 1367 422 1455 israelitarum,
444 1392 479 1442 et
505 1367 576 1462 ipso
597 1373 772 1442 Abrahami
794 1374 828 1442 in
849 1395 926 1442 eam
944 1365 1055 1464 segio-
1192 1437 1195 1448 .

104 1493 184 1541 nem
216 1472 360 1541 aduentu
382 1471 443 1542 esse
463 1473 693 1564 antiquiorem.
774 1476 823 1544 Ex
851 1495 893 1542 eu
917 1475 1055 1565 quidem
1167 1473 1173 1492 '

102 1569 314 1666 sequeretur,
341 1569 522 1666 Aegyptios
540 1567 700 1664 insipide
722 1593 788 1642 non
804 1573 943 1663 potuisse
956 1594 1054 1642 vene·
1197 1619 1201 1630 ·
1234 1579 1236 1586 '

102 1675 173 1746 rari
192 1675 377 1742 memoriam
394 1671 540 1766 losephi,
565 1693 604 1742 ut
621 1673 679 1766 qui
696 1693 761 1744 tam
783 1675 839 1743 dtu
858 1673 929 1765 post
946 1675 1052 1744 lucem

105 1773 239 1843 demum
266 1773 460 1865 adspexerit.
517 1775 642 1866 Verum
666 1795 701 1846 et
723 1773 757 1842 id
776 1794 881 1846 tamen
903 1773 1052 1866 sequere·

103 1895 182 1958 tur,
207 1875 331 1944 cultum
353 1876 469 1968 Apidis
489 1877 594 1943 multo
607 1873 669 1944 esse
691 1875 929 1968 antiquiorem,
952 1893 1053 1964 atque

102 1996 170 2068 ego
186 1974 249 2048 -hic
262 1975 423 2046 adstruere
437 1975 558 2072 annisus
572 1973 651 2045 surm
700 1976 803 2072 Quod
818 1975 851 2070 si‘
862 1973 946 2067 ipsae
975 1997 1053 2044 mn·

101 2097 326 2149 Nernoturs
359 2075 531 2168 Dynastite
562 2076 661 2146 hodie
684 2073 900 2168 superessent,
946 2094 1054 2164 totum

101 2173 173 2256 hoc
194 2179 380 2269 negotium,
405 2179 533 2271 paucis,
558 2199 595 2245 vt
625 2177 703 2246 milti
726 2175 923 2268 persuadeo,
949 2198 1054 2268 expe·
1185 2201 1189 2210 ·

101 2277 166 2348 diri
182 2278 296 2368 posset.
345 2282 469 2348 Verum
485 2299 571 2346 nunc
586 2299 622 2348 ea
637 2299 765 2348 tantum
776 2277 947 2369 habemus,
970 2298 1056 2370 quae
1087 2303 1092 2306 ·

101 2379 202 2449 exiis
225 2401 486 2467 arescemus,
519 2399 553 2448 et
576 2379 684 2472 postea
713 2399 908 2450 nvsrnrvs
936 2399 1059 2448 exten·
1091 2430 1097 2444 .

100 2476 258 2574 pserunt,
282 2502 317 2550 et
343 2501 494 2566 quaeest
520 2479 570 2548 his
597 2481 657 2550 diu
684 2477 776 2574 post,
810 2481 1052 2550 sinemus

103 2575 291 2674 descripsit,
311 2605 347 2650 ac
361 2584 394 2650 in
409 2603 508 2674 pauca
525 2583 696 2652 contraxit.
747 2577 818 2672 ipsa-
841 2580 1047 2651 suaserunt
1083 2595 1086 2602 ’
1110 2581 1113 2590 “

100 2677 260 2776 inspectio
291 2703 559 2775 unumquemque
607 2679 776 2752 confestim
822 2680 973 2763 docebit,
1008 2681 1049 2750 ab

101 2803 342 2866 Atnrcano,
367 2781 462 2886 saepe
489 2763 704 2854 venementer
730 2771 913 2875 discrepare
937 2801 1049 2852 ruse·

101 2905 174 2953 aru
183 2905 231 2966 Μ,
246 2881 386 2976 suntque
403 2883 561 2978 permulta
575 2883 646 2954 sane
660 2879 782 2953 indicio
795 2903 833 2952 ac
845 2884 1059 2966 documento¹
1073 2915 1076 2922 v

102 2985 272 3065 euidenti,
294 2989 473 3077 utrumque
490 3004 552 3074 pro
568 2981 847 3072 iubittr'Dynastias
861 2983 927 3053 illas
940 3002 1049 3052 corre·
1159 2979 1180 3072 j

103 3085 405 3166 discernende,
432 3083 535 3178 iisque
555 3083 597 3154 de
622 3084 679 3154 suo
703 3079 832 3174 passim,
858 3105 942 3176 quae
957 3081 1050 3152 vide*

102 3186 237 3276 bantur,
265 3185 433 3268 addidisse,
457 3183 552 3278 quod
574 3187 652 3256 aiios
676 3187 772 3257 etiam
794 3181 967 3280 postipsos
987 3207 1047 3254 eu·

104 3309 247 3380 rumque
271 3285 426 3380 exemplo
455 3285 579 3370 secisse,
603 3285 701 3356 vaide
726 3285 883 3356 credibile
906 3281 963 3356 est.
1011 3287 1048 3354 sn

103 3388 153 3458 his
167 3389 267 3482 igitur
280 3387 511 3482 explorandis,
535 3407 630 3458 caute
650 3384 765 3456 verssri
778 3405 932 3478 oportet,
956 3382 1047 3479 quod

104 3488 254 3581 inprimis
272 3489 306 3556 in
326 3487 560 3569 additionibus,
579 3507 621 3558 ex
635 3507 772 3580 quarum
791 3507 928 3556 numero
948 3505 983 3556 et
998 3485 1048 3554 illa

103 3589 523 3680 est,quamattusi‚iocum
537 3587 644 3660 babet.
694 3583 820 3658 Sufficit
833 3583 1049 3678 mihi,ipsum

102 3711 380 3769 suscendum,
411 3677 610 3784 quod515
651 3687 848 3782 docuimus,
897 3685 983 3756 forte
1004 3707 1048 3754 ert

102 3811 302 3880 rvsrsro,
330 3793 394 3862 iaut
423 3799 658 3878 nnrqcattu,
692 3809 751 3868 aut
781 3791 878 3859 etiarn
907 3809 949 3857 ex
977 3784 1050 3876 ipso

104 3911 399 3980 ueneremur,
422 3891 519 3988 longe
532 3890 619 3964 aliud
633 3889 781 3974 tradere,
803 3889 920 3986 Apidis
933 3906 1053 4054 nanpe
1112 3911 1119 3928 ·

233 4001 238 4016 ¹
616 3991 689 4079 03
792 3996 798 4008 ’
919 4007 961 4056 cu
974 4006 1056 4078 turn,
