2524 4284
265 161 315 236 tv
434 91 1027 234 rnonee'olrnnn.

266 341 426 417 Graecos,
450 356 484 406 et
497 357 557 426 per
569 331 630 404 bos
645 332 685 403 td
699 335 861 404 Romanos
875 380 891 420 ,
920 353 956 404 et
968 349 1008 402 vt
1021 347 1091 424 suo
1103 327 1215 400 verbo

268 441 394 522 dicem,
414 433 454 505 ed
468 453 579 530 gentes
595 433 761 527 politiores
769 437 899 522 ,condas
913 429 1105 524 peruenisse.
1157 432 1215 500 Vr·

267 539 388 608 dentur
407 537 493 606 eninr
513 535 689 628 Aegyptii,
717 553 794 604 cunt
818 535 904 626 apud
927 533 1013 624 ipsos
1027 532 1158 618 udan,
1181 549 1216 602 et

268 639 437 736 sapientiae
452 635 592 716 studium
608 633 859 726 profiterentur,
881 655 916 706 et
928 656 979 703 res
991 632 1120 704 diuinas
1136 654 1217 728 pro-

268 757 438 828 curarent,
462 735 581 806 fruetus
598 737 807 828 praecipuos,
840 757 923 828 quos
939 755 983 805 ex
1005 734 1103 802 cultis
1118 730 1217 803 soler·

267 859 321 912 ter
342 863 383 932 ac
401 834 540 908 studiose
561 837 723 906 literarum
745 835 882 906 scientiis
904 853 1145 927 perceperant,
1179 829 1217 902 ad

264 939 521 1032 amplificandum
536 935 713 1007 doslrintm
727 937 771 1006 de
785 939 881 1025 Deo,
905 936 1072 1028 rebusque
1095 935 1216 1006 diuinis

265 1037 473 1128 mmtulsse,
507 1059 545 1106 vt
566 1050 689 1130 quanto
712 1039 847 1108 maiores
870 1039 904 1107 in
919 1035 1059 1106 scientiis
1075 1036 1217 1128 quibus·

265 1161 399 1233 cunque
418 1138 582 1234 profesius
603 1137 765 1219 fecerent,
797 1139 1056 1208 ttnto'ornttior
1072 1158 1215 1230 quoque

265 1262 302 1312 et
314 1239 450 1334 politior
462 1239 618 1312 euaderet
633 1233 777 1330 ipsorum
790 1239 914 1332 religio.
963 1237 1216 1318 Festumeoelb

264 1363 306 1411 vt
318 1339 511 1412 existimatio
525 1339 737 1410 secerdotum
750 1341 913 1432 Aegypti,
937 1359 972 1408 et
987 1335 1073 1408 seme
1089 1336 1214 1431 sepien-

263 1443 329 1513 tiae
343 1463 478 1524 eorum,
504 1461 542 1511 sc
559 1441 702 1532 inprimis
715 1441 799 1510 circt
812 1463 863 1510 res
883 1440 1026 1521 diuinas,
1050 1441 1155 1532 longe
1175 1440 1214 1507 lt·

172 1543 174 1548 ’
262 1561 368 1636 teque
389 1539 423 1611 se
443 1537 670 1622 diffunderet,
701 1563 852 1634 nouaque
873 1537 985 1612 'indies
1013 1541 1214 1610 incrementt

198 1699 202 1706 .
262 1661 416 1737 caperet,
430 1661 470 1712 vt
494 1659 537 1711 ue
550 1639 590 1708 td
604 1639 735 1729 Scholas
748 1663 787 1714 uc
800 1643 935 1714 Sacraria
949 1640 1101 1734 ipsorum
1111 1642 1212 1710 vnde·

262 1763 399 1836 cunque
411 1665 631 1824 moluerent,
654 1744 713 1834 qui
727 1739 820 1834 supro
836 1743 969 1836 vtdgntn
984 1740 1100 1833 sspere
1113 1741 1213 1812 aude·

262 1844 369 1933 bant,
405 1863 440 1913 er
459 1843 492 1910 in
516 1841 642 1914 scientis
673 1845 820 1914 omnium
843 1837 1136 1936 praestantissima,
1173 1842 1212 1910 de

261 1947 342 2030 Deo
357 1941 657 2036 scilicet‘rebusque
672 1943 961 2028 diuinis,eximium
974 1943 1103 2034 aliquid
1123 1965 1213 2034 prte-

260 2045 343 2116 Arre
362 2045 394 2113 in
412 2043 783 2122 enimuminducebtnt.
856 2043 999 2114 Abunde
1019 2045 1056 2114 id
1079 2041 1215 2114 bislorit

260 2143 498 2238 Philosopbict,
523 2142 722 2216 Grseco'rum
744 2144 932 2238 cumprimis
945 2142 1090 2232 testetur,
1108 2143 1214 2214 idem·

136 2243 152 2272 ⁸
260 2267 331 2340 que
342 2263 566 2335 argumentum
581 2243 716 2314 subinde
729 2243 810 2314 infra
823 2245 1022 2338 attingemus
1056 2245 1215 2316 Theolo-

260 2349 347 2441 giem
369 2347 468 2437 igitur
490 2346 733 2438 Aegyptiorum
753 2347 913 2437 priscam,
948 2348 1035 2434 rede
1059 2345 1214 2438 beneque
1254 2331 1255 2381 l

260 2448 440 2539 cognitam,
462 2441 574 2516 dicere
585 2467 652 2515 non
666 2445 830 2517 immerito
843 2440 951 2539 pollis,
963 2447 1088 2519 cluuem
1096 2445 1213 2518 Tbeo·

116 2543 119 2558 '
258 2547 365 2638 logiae
376 2537 595 2630 Phoenicum,
617 2545 780 2636 Arabum,
803 2551 1016 2640 Gmecontm,
1040 2549 1213 2618 Romano·
1253 2577 1254 2643 p

258 2669 351 2743 turn,
382 2667 417 2716 et
437 2650 582 2742 gentium
606 2647 798 2738 politiorum
823 2649 1053 2738 plurimorum,
1081 2647 1213 2718 tammli

261 2767 330 2816 non
344 2770 478 2838 negem,
508 2766 620 2840 gentes
633 2746 703 2818 istas
722 2748 763 2818 td
784 2749 974 2841 religionem
996 2749 1213 2840 primitiutm,
1252 2813 1253 2850 ,

261 2847 303 2918 sb
317 2850 490 2940 Aegyptiis
504 2848 701 2937 detiorum,
725 2848 1020 2936 lnbentibustnnis,
1045 2847 1211 2944 ,figmenta
1252 2855 1253 2905 l

260 2969 328 3016 non
343 2969 462 3038 ptum,
486 2947 609 3039 fibique
625 2951 778 3045 proprie,
809 2948 964 3023 adiecisse.
1016 2951 1068 3020 Ex
1089 2951 1210 3022 eedem
1251 3019 1252 3022 ,

256 3049 674 3166 Aegyptiorumreligione
687 3051 795 3132 auita,
829 3051 965 3144 intelligi
987 3071 1089 3143 porro
1105 3075 1209 3144 quem

125 3272 128 3283 -
257 3147 1211 3344 lilasi-‘At{Asil‘nlls'illsnll‘ni

106 3369 110 3376 ·
207 3399 214 3404 .
256 3347 414 3420 instinilui
429 3349 669 3434 obsecundans,
701 3355 910 3444 quantumuis
924 3373 1032 3422 rerum
1046 3351 1208 3443 prteslrn·

256 3443 342 3518 tiu'm
362 3449 491 3520 scientio
512 3451 646 3520 sollicite
667 3452 794 3522 imbuta*
812 3474 850 3522 ac
871 3453 1065 3538 exercitum,
1089 3455 1124 3522 iu
1145 3477 1206 3524 co·

126 3639 127 3644 ἵ
255 3549 404 3642 gnicione
412 3552 478 3620 Dei
493 3550 649 3642 progredi
665 3571 775 3644 queat,
797 3553 937 3644 adquae
952 3555 1049 3626 etiam
1064 3575 1131 3622 non
1146 3553 1203 3624 de-

255 3647 330 3731 vie,
355 3647 420 3739 ipso
434 3647 490 3718 sbi
506 3651 632 3739 relisit,
663 3649 796 3744 suisque
808 3671 933 3724 tentum
949 3655 1202 3726 ratiocinationi·

255 3743 318 3817 bus
332 3771 370 3820 ac
382 3747 514 3820 cerebri·
522 3751 662 3822 inuentis
678 3753 869 3851 indulgens,
893 3775 998 3852 prone
1010 3771 1094 3826 rust.

1107 3955 1199 4054 §lb

1244 3457 1250 3480 4
