2654 4286
264 155 324 234 na
510 112 703 224 urn'rv.
753 151 866 224 cnr.
889 154 931 224 11.
1018 113 1062 186 ='

271 352 344 400 rum
359 349 511 427 rugorum
526 337 771 418 uectem,
800 333 967 432 quinquies
987 331 1151 430 reperim
1172 352 1220 402 ar-
1243 353 1251 372 ·

271 455 333 530 que
346 437 474 528 vigesies.
524 439 557 508 Si
571 438 656 526 hoc,
675 439 767 529 quod
784 445 836 506 vir
848 433 1043 508 detliffimus
1060 435 1221 524 obscene,

132 609 135 616 .
272 535 397 607 admitti
423 537 543 627 possete
577 559 647 608 turn
669 537 762 608 nobie
782 542 864 608 ratio
884 537 1034 625 mytica,
1061 538 1095 606 in
1119 536 1222 641 [iuria

252 636 530 723 ,Sacerdonlrbus
544 642 694 727 prodita,
717 641 762 708 ob
781 635 879 731 quarn
901 641 988 708 vitae
1009 637 1127 730 Apidn
1150 633 1222 704 anni

206 740 209 749 “
244 813 246 820 ,
272 732 380 808 statuti
395 736 494 805 essent
505 740 615 823 XXV,
636 741 720 810 cirre
735 759 872 832 pareret.
937 744 1068 834 Nempe
1083 735 1224 830 postau-

273 857 336 906 nos
365 840 454 908 A'XV
485 839 540 908 Sol
561 860 596 909 et
615 847 704 912 Luna
720 845 752 910 in
769 841 910 912 eundem
927 839 1014 910 coeli
1036 839 1153 910 laeum
1171 857 1223 907 rc·

274 955 510 1032 uerterentur,
541 961 576 1010 et
605 921 728 1010 nou'urn
757 941 885 1029 cyclum
906 941 1045 1010 totidem
1066 959 1228 1011 annorum
1303 947 1304 972 ¹

275 1034 582 1128 redauspicarentur.
632 1045 673 1112 Et
689 1042 831 1134 Apidem
848 1064 949 1131 vero,
969 1042 1226 1122 tensaurum
1303 1067 1304 1090 ¹

276 1137 411 1224 Lunae,
441 1141 566 1212 ratione
593 1140 738 1234 singulari
763 1145 916 1214 s'ncrntum
940 1139 1049 1220 fuisse,
1078 1165 1123 1212 ex
1145 1139 1227 1234 §.p

276 1233 348 1308 satia
375 1237 508 1312 constat.
566 1245 836 1316 Mnnsnnnrvs
866 1248 962 1315 etiam
994 1243 1123 1334 longius
1151 1261 1226 1334 pro-

277 1338 450 1432 greditur,
480 1343 499 1378 ³
529 1341 761 1426 asseuerando,
798 1369 897 1416 annos
927 1347 1020 1416 XXV
1042 1342 1229 1436 Aegyptio-

275 1459 352 1508 rum
371 1463 488 1536 vagor,
508 1445 657 1538 aequales
673 1445 735 1515 esse
749 1447 875 1516 susianis
893 1449 984 1531 xlx,
1014 1447 1073 1536 qui
1096 1445 1228 1535 cyclum

274 1539 368 1632 issum
383 1538 581 1616 notissimum
597 1547 758 1616 Lunarenr
769 1544 950 1618 absolunnt.
1000 1553 1036 1620 B.
1059 1550 1224 1616 Vienn-
1268 1538 1276 1564 ⁸

275 1660 392 1729 nava,
430 1647 521 1714 cuius
548 1669 649 1717 raram
673 1647 707 1716 in
734 1645 907 1739 disciplinis
934 1645 1174 1718 Mathematicia
1194 1661 1228 1712 et

274 1737 512 1816 Astronomicit
539 1749 705 1836 peritiam,
742 1747 863 1816 eruditi
891 1770 1004 1817 ornnes
1030 1743 1229 1838 agnoscunt,

275 1839 446 1936 postquam
470 1867 695 1916 mnusunmr
721 1869 792 1926 eant
815 1849 847 1916 in
865 1871 933 1918 rern
951 1831 1050 1917 verba
1064 1845 1230 1933 attulisset,

201 1955 204 1960 '
276 1942 315 1980 ⁸*
339 1943 422 2014 hanc
444 1947 578 2036 quidem
602 1951 671 2017 eius
686 1947 943 2018 obseruationem
961 1971 1027 2018 non
1048 1945 1231 2042 improbam

276 2065 394 2112 verum
417 2044 526 2116 censet
548 2067 672 2129 tamen,
694 2069 763 2116 eam
786 2071 852 2120 non
875 2051 960 2120 resse
979 2050 1019 2118 ab
1040 2047 1112 2140 ipso
1127 2045 1230 2142 appli-

99 2175 100 2182 ¹
209 2187 211 2192 ,
278 2146 363 2232 cari,
389 2145 537 2216 adalind
559 2150 641 2240 quid
669 2149 963 2222 demonstrandum.
1013 2151 1098 2220 Crim
1123 2165 1231 2218 tamen

278 2245 362 2314 nulla
380 2249 506 2318 ratione
525 2249 708 2340 perspicere
723 2249 862 2342 possem,
887 2249 1057 2343 quomodo
1073 2251 1148 2320 enni
1165 2251 1230 2318 Ae·

276 2346 471 2437 gyptiotum
492 2351 566 2441 vagi
589 2351 699 2443 XXV,
740 2351 886 2442 aequasea
912 2351 975 2422 esse
1001 2349 1130 2442 possent
1157 2349 1231 2418 XsX

276 2447 425 2528 Iulianis,
450 2448 599 2542 adeoque
614 2451 745 2540 plenum
763 2451 891 2538 cyclum
905 2451 1062 2522 Lunarem
1078 2467 1232 2522 accurate
1305 2473 1306 2506 r

276 2547 476 2618 constituere
490 2571 525 2619 et
538 2549 728 2637 absoluere,
750 2550 897 2622 consului
910 2551 1004 2646 super
1018 2573 1125 2636 ecre,
1152 2550 1232 2620 Cos·
1305 2543 1306 2552 '

275 2645 382 2736 legam
409 2646 713 2735 coniunctissimum,
745 2649 918 2746 mustisque
944 2651 1129 2720 nominibus
1151 2647 1235 2721 mihi

276 2745 421 2840 impense
438 2749 632 2844 colendum,
658 2753 703 2824 D.
718 2773 771 2824 ιο.
790 2773 1057 2824 rnrnrnrcvm
1079 2773 1231 2831 nonne,

275 2848 342 2916 sur.
357 2867 391 2915 et
405 2848 637 2921 Mathematum
652 2854 683 2920 in
704 2852 807 2922 nostra
821 2855 995 2924 Academia
1012 2847 1230 2923 professorem

274 2947 523 3020 celeberrimum
533 2974 650 3048 ,atque
664 2951 729 3023 hoc
742 2952 782 3022 ab
797 2977 839 3024 eo
853 2951 1134 3046 responsum'tusi,
1156 2975 1229 3024 tem

276 3047 374 3141 ipsnni
395 3051 524 3122 veritati
547 3055 790 3136 consentaneam
812 3054 939 3146 prorsus
962 3077 1026 3122 non
1040 3053 1123 3136 esse,
1148 3073 1231 3123 cum

134 3163 138 3170 ’
278 3168 380 3219 annua
402 3156 624 3246 Aegyptiacus
643 3149 764 3246 uagus,
788 3178 804 3224 a
827 3157 950 3226 Iuliano
970 3155 1060 3244 sixo,
1083 3169 1232 3247 quatuor

277 3251 462 3345 quibusque
475 3257 582 3335 annis,
607 3251 732 3338 nonnisi
748 3277 816 3324 vno
832 3257 887 3325 die
900 3256 1046 3354 recedet,
1069 3273 1107 3322 ac
1132 3251 1229 3322 disse—

276 3351 532 3429 rtt‚·fierivcro
547 3355 703 3446 potuisse,
728 3376 766 3424 vt
781 3355 971 3426 Sacerdotes
984 3355 1159 3446 Aegyptii,
1180 3354 1230 3420 ob

208 3485 219 3520 .·
276 3453 435 3524 rationem
451 3455 543 3522 nobis
559 3455 720 3536 ionoram',
739 3455 939 3544 censuerint,
959 3451 1030 3548 poss
1044 3453 1230 3525 absolutum

195 3525 214 3571 ‘'
276 3572 435 3624 annorum
465 3513 823 3641 Xxvfcurriculum
870 3559 1059 3652 contingere
1084 3554 1230 3645 cuquam

289 3683 292 3692 ·
1104 3666 1229 3726 nouam

276 3785 295 3822 ²*
317 3791 349 3852 in
367 3791 476 3855 cauom
492 3745 645 3868 Chronica,
668 3792 719 3856 vbi
736 3790 830 3878 supra.

275 3870 307 3920 't
325 3874 359 3936 in
376 3871 496 3940 Miscell.
511 3875 607 3946 Beros.
628 3875 683 3941 lot.
699 3878 748 3962 cit.
