2654 4286
240 171 359 278 :20⁶
493 159 499 170 ‘
586 159 959 240 cremonen
1035 153 1040 165 ·

293 355 343 428 nia
362 351 435 424 sitae
455 347 543 421 bene
563 343 721 419 haberent
744 349 931 444 perspecta,
957 350 1068 443 qualea
1083 355 1241 444 'tempore

287 455 470 548 Hadriani,
493 470 533 519 vt
546 449 625 517 mibi
638 451 773 542 quidem
788 443 937 545 videtur,
953 449 1140 543 supererant
1153 453 1241 524 nulii.

293 555 394 630 Pristi
418 551 658 644 Aegyptiorum
679 551 845 644 Theologi
868 551 1087 639 instituerant,
1115 567 1155 624 ut
1174 557 1239 624 vita

294 656 412 750 Apidis
428 675 504 724 cum
518 651 568 719 illa
585 647 634 720 sue
655 654 862 723 reuolutione
882 675 1039 724 annorum
1063 658 1173 732 XXV,
1197 655 1239 726 de

271 780 360 854 sque
383 754 416 849 §.
435 777 469 823 ιο
494 751 662 836 diximbt,
695 749 821 844 semper
847 751 1015 845 finiretur,
1030 775 1148 846 etque
1168 757 1239 822 anni

16 889 18 896 v
153 932 158 940 ¹
286 859 415 950 ¹Apidis
428 853 508 924 noui
528 873 604 921 curn
620 853 787 945 principio
800 849 1014 924 reuolutionis
1029 857 1113 924 illius
1126 856 1237 924 denuo

292 957 481 1043 inchoatae,
503 953 593 1022 idem
609 951 770 1038 sumerent
783 955 919 1024 initium.
966 957 1071 1052 Quod
1091 955 1114 1024 fi
1140 957 1237 1048 igitur

282 1060 374 1151 .Apir
405 1055 503 1126 linem
525 1054 615 1124 illiue*
634 1045 848 1127 reuolutionia
873 1077 1031 1126 annonem
1051 1059 1148 1126 XXV-
1164 1058 1237 1124 atri·

132 1199 137 1208 ·
291 1157 401 1254 gilla,
421 1155 599 1254 ideoquea
615 1155 843 1228 Sacerdotibus
863 1167 998 1226 necatus
1020 1157 1118 1238 esset,
1140 1155 1236 1250 dno,
1311 1209 1312 1230 t

289 1281 349 1334 aut
362 1257 401 1328 ab
415 1279 457 1326 eo
476 1255 616 1324 moriens
639 1275 705 1324 non
725 1257 822 1348 longe
841 1257 979 1338 abesset,
996 1257 1074 1328 alios
1095 1257 1153 1327 diu
1172 1279 1238 1330 oon
1289 1309 1312 1335 „

173 1383 182 1434 ·.
288 1359 516 1454 quaerebatur.
565 1355 617 1426 Sic
648 1357 734 1425 enim
757 1359 895 1428 rationes
914 1359 1150 1441 sacerdotum,
1182 1378 1236 1429 aut

288 1461 427 1532 omnino
450 1479 536 1547 nen,
558 1475 615 1526 aut
635 1477 724 1526 cette
742 1479 809 1524 non
832 1458 1046 1527 vehementer
1066 1459 1238 1528 turbaban-

288 1581 356 1634 tur.
407 1561 449 1629 Et
463 1557 530 1627 hoc
543 1556 680 1649 quidem
694 1555 752 1626 vsu
767 1557 959 1650 plerumque
978 1557 1097 1629 venisli·
1103 1604 1119 1645 ,
1140 1561 1234 1653 oppi-

211 1717 216 1726 .
289 1665 336 1734 do
356 1657 527 1730 verisimile
551 1651 626 1728 ests
680 1657 791 1734 Sicubi
821 1679 902 1728 vern
931 1679 1039 1728 taurus
1061 1661 1114 1729 ille
1127 1705 1142 1743 ,
1183 1677 1235 1728 aot

290 1763 429 1842 morbo,
451 1781 513 1830 aut
534 1759 596 1826 alio
618 1760 773 1852 quopiam
796 1756 888 1847 casu,
928 1779 1002 1830 ante
1025 1760 1235 1830 constitutum

281 1883 441 1954 tempus,
465 1857 535 1930 satis
557 1857 613 1952 diu
636 1881 655 1928 e
677 1860 761 1926 vinis
781 1853 919 1928 sublatus
940 1859 1063 1945 fuissit,
1089 1862 1236 1932 inuentio

287 1967 379 2041 ciue,
401 1981 539 2055 propter
554 1979 678 2028 accurras
699 1959 910 2030 sacerdotum
932 1961 1093 2049 tationes,
1119 1965 1234 2053 vtique

154 2065 160 2070 ’
287 2063 467 2134 differenda
488 2079 580 2141 erar,
613 2079 722 2152 eoque
748 2057 805 2130 diu
832 2061 1071 2152 quaerebatur,
1108 2082 1144 2132 et
1166 2059 1238 2153 poll

289 2167 410 2238 multos
431 2163 562 2268 demum
585 2173 685 2230 annos
713 2161 946 2256 reperiebatur.
993 2161 1060 2232 Vbi
1083 2184 1167 2234 vero
1187 2183 1236 2232 re·

286 2261 604 2446 adstitit
617 2267 1238 2452 &tibuniensem

287 2468 441 2540 laetitiam
455 2463 720 2535 conuertebatur.

117 2580 190 2660 Aple
205 2587 262 2642 m
364 2567 395 2664 §.
420 2589 472 2651 ¹4·
520 2567 614 2634 Haec
643 2561 713 2633 fere
736 2559 828 2649 sunt,
853 2560 935 2632 scitu
957 2563 1125 2656 digniora,
1150 2587 1239 2659 quae

87 2663 157 2748 fuit
181 2663 262 2743 Sym·
283 2672 327 2742 d,
341 2671 430 2740 boue
451 2663 689 2759 Aegyptiorum
707 2655 804 2744 Dm,
827 2683 955 2733 vererer
980 2661 1100 2756 scripto
1115 2667 1158 2736 ad
1180 2687 1241 2734 noa

95 2749 262 2890 Μ’Ἥ·
283 2767 497 2843 transmittere
511 2783 655 2858 aequum
676 2764 812 2836 duxere.
821 2770 828 2785 ”
859 2766 917 2834 Vti
937 2785 1019 2834 vero
1035 2768 1143 2848 omnia
1166 2771 1238 2838 Ae·

96 2849 188 2893 mma
236 2849 262 2889 θ’
368 2871 375 2885 ·
694 2865 703 2882 ·
1134 2868 1143 2882 ο
1271 2869 1278 2884 t

15 2939 16 2942 Ὗ
87 2912 242 3064 illl:
285 2865 1239 3046 libididemiilll'zlellffla

240 3041 251 3066 ’
285 3073 437 3158 firmant,
474 3071 517 3138 ita
545 3067 602 3140 de¹
620 3065 728 3158 npide
749 3065 842 3136 aliter
864 3063 992 3136 censete
1021 3061 1067 3134 sas
1087 3089 1155 3136 non
1179 3067 1238 3140 est.

284 3171 447 3268 Equidem
480 3172 603 3240 bouem
626 3167 736 3247 hunc,
766 3189 843 3238 cum
869 3164 910 3238 ad
933 3168 1060 3250 Solem,
1096 3186 1172 3238 tum
1195 3168 1239 3238 ati

275 3272 430 3361 Lunam,
453 3271 642 3344 relationem
670 3265 815 3337 habuisse
838 3265 1040 3364 singularem,
1059 3265 1164 3359 iisque
1188 3267 1236 3338 st·

183 3411 186 3422 ·
284 3399 379 3450 ctum
400 3373 510 3463 foisse,
533 3369 605 3442 satis
622 3367 820 3438 ostendimus
846 3363 880 3460 §.
902 3391 924 3454 3.
974 3369 1038 3436 Sed
1063 3365 1239 3450 istud,'ad

282 3455 512 3569 explicandam
535 3489 644 3542 veram
667 3469 762 3538 bouia
782 3467 877 3538 huius
900 3467 974 3536 sacti
997 3465 1176 3558 urionem,
1201 3487 1239 3538 et

284 3581 325 3650 ad
346 3574 594 3665 declarandum,
616 3568 772 3662 quidnam
798 3569 830 3636 in
853 3589 894 3638 eo
916 3570 1049 3660 proprie
1071 3569 1240 3639 coluerint

284 3680 461 3770 Aegyptii,
498 3671 682 3765 populique
706 3669 894 3746 adoratione
917 3667 1050 3759 tignum
1071 3667 1240 3738 iudicauc·
1309 3697 1310 3716 ¹

131 3773 142 3785 '
285 3781 368 3858 rint,
391 3771 537 3847 sufficere
555 3771 702 3840 nondum
725 3768 840 3860 potest.
888 3767 1067 3862 Equidem,
1090 3767 1112 3836 sa
1135 3763 1238 3840 ratio·

286 3898 343 3948 net
358 3897 510 3950 veterum
523 3870 729 3968 quorundum
743 3866 901 3948 Ecclefiae
912 3869 1096 3957 Delictum
1116 3865 1238 3964 proba·

1149 3979 1242 4060 ἀπε,
