2492 4284
188 107 773 268 ruo'uuooruaull
823 163 955 272 exunt
1033 144 1038 156 '

31 335 74 406 llo
87 332 226 427 inprimis
240 351 411 438 tempore«,
429 332 720 444 praeseferebat,
741 359 821 410 vere
836 353 956 430 nmen,

31 457 74 508 tut
87 435 240 532 perndie,
265 436 427 506 neminem
441 431 630 521 erudiebat,
661 435 717 506 nifi
732 441 957 530 exercitatum,

31 538 255 628 tutinitittum,
329 536 462 626 Reliqui
476 533 592 616 sonum
605 537 803 624 verborum,
826 538 881 612 sed
896 543 958 611 mi·
1030 605 1033 616 ,
1186 601 1191 616 ,

31 661 79 708 nus
91 625 320 717 intellecloru'm
334 655 369 706 et
383 633 626 729 persptilorum
641 681 671 729 ,-
690 631 861 714 audiebant
880 642 957 734 qui-

31 741 113 834 dem,
135 758 169 809 et
182 757 416 830 nonnunquam
430 735 544 820 forte,
573 735 652 810 sein
665 738 771 810 studio
786 739 957 832 sapientiae
1089 785 1093 800 ι

31 841 281 934 Aegyptiorum,
323 835 615 930 profedutlecilse
636 862 702 910 non
729 837 960 949 poepitendos,

31 939 266 1035 lugurabanturl
290 961 327 1008 te
341 935 404 1034 ipsa
419 960 513 1027 vtro,
527 957 584 1010 aut
598 941 692 1033 pline
708 940 785 1012 nihil
800 945 960 1036 percipie·

31 1063 112 1136 sant,
135 1059 190 1110 aut
203 1037 283 1110 nihil
305 1037 434 1123 labero,
459 1061 536 1110 cum
551 1042 754 1115 certitudinis
768 1041 871 1134 sensu,
886 1045 966 1132 alise
984 1060 988 1075 ·

31 1143 208 1240 luebantur.
261 1141 331 1238 ρι’
344 1140 483 1210 multum
498 1143 675 1232 temporis,
694 1141 809 1228 studii,
826 1145 962 1216 etlabo·
1100 1133 1106 1144 ’

31 1247 60 1316 ’ῖς
72 1239 322 1338 impendebam,
347 1260 385 1309 ut
401 1261 515 1311 verum
532 1239 695 1312 dodrinae
709 1243 792 1314 illius
811 1245 963 1334 symboli·

31 1369 74 1417 ·ae
87 1367 125 1416 ac
138 1343 364 1434 aenigmaticae
373 1337 501 1410 densum
517 1341 698 1414 diuinando
708 1344 868 1436 attingere
888 1345 966 1440 pos·

31 1445 104 1528 ent,
123 1447 203 1513 intra
220 1443 474 1513 coniellurantm
489 1442 650 1514 limitetse
669 1463 775 1513 tamen
796 1447 983 1519 continere·

31 1572 55 1618 tc
69 1541 233 1616 sublisttte
248 1542 459 1634 cogebantur.
485 1545 566 1630 Quo
580 1545 654 1636 quis
668 1545 741 1636 plus
755 1546 821 1614 aliis
834 1547 966 1640 ingenio

31 1671 52 1718 tt
66 1648 211 1718 dollrina
232 1644 376 1738 valebat,
407 1661 502 1738 tanto¹
521 1646 674 1715 maiorem
695 1646 967 1740 explicationibus

31 1752 76 1820 itis
90 1769 125 1818 et
140 1733 353 1826 contendas,
385 1743 525 1835 speciem
544 1743 781 1837 probabilitatis
794 1749 967 1819 conciliare

31 1868 177 1927 toterat;
212 1865 329 1930 vetunt
351 1845 391 1916 ad
415 1845 541 1940 plenam
556 1847 589 1914 in
610 1846 706 1916 rebus
727 1845 777 1916 lais
797 1849 969 1919 certitudi-
1058 1849 1062 1857 “

31 1975 115 2038 tem,
142 1945 317 2043 peruenire
330 1948 393 2016 'vix
408 1967 446 2014 ac
461 1968 502 2017 ne
516 1949 573 2016 vix
590 1947 733 2038 quidem
748 1949 970 2044 cuiquamin·

31 2071 149 2152 grum
166 2066 245 2116 erat.
315 2047 405 2136 Hinc
429 2047 483 2118 ille
503 2049 537 2115 in
556 2047 829 2140 interpretatione¹
843 2045 966 2121 fabula·

34 2177 89 2224 unt
107 2148 400 2242 Aegyptiacorum,
431 2149 528 2218 etiam
549 2149 638 2218 inter·
653 2143 847 2240 doclillinros
867 2169 976 2242 quoa.

32 2278 107 2347 tue,
131 2269 261 2338 tantus,
286 2267 419 2341 tamque
433 2249 606 2341 multiplex
626 2269 662 2321 et
678 2250 834 2324 mirificus
854 2249 971 2321 dillen·
1107 2311 1137 2324 ,,

32 2359 66 2426 us
80 2351 295 2440 obseruator,
316 2369 417 2443 quem
431 2370 475 2421 ex
491 2337 738 2424 restructis
753 2351 836 2421 libro
848 2349 971 2443 dclstdc

32 2449 193 2545 tOſsrt'dc
208 2449 362 2540 colligere
385 2450 493 2542 quiuis
510 2449 606 2522 facile
619 2449 743 2543 potest.
793 2454 836 2524 Et
860 2451 973 2546 profe.

32 2561 82 2640 lo,
105 2553 130 2624 st
147 2551 281 2642 lingulas
295 2549 358 2618 illas
372 2551 610 2644 Aegyptiorum
626 2547 853 2624 fabulassacras
867 2555 975 2646 aenig-

32 2660 178 2735 naticas,
201 2645 330 2721 scoram
344 2649 549 2740 confideres,
573 2671 857 2749 quantamcunque
877 2655 975 2725 etiam
1065 2649 1070 2665 '
1105 2711 1108 2725 .
1154 2695 1158 2704 ·

32 2756 224 2850 liligentinrn
245 2769 281 2820 et
307 2751 375 2820 uim
397 2753 585 2824 attentionis
607 2751 783 2846 adhibeas,
821 2753 893 2826 fieri
915 2757 973 2825 vix

32 2859 109 2930 tolle
127 2854 275 2940 videtur,
300 2871 339 2920 ut
353 2852 384 2936 in
397 2853 701 2946 genuinumearum
714 2854 972 2949 uerumquesen·

32 2967 86 3031 um
101 2973 279 3051 penetres,
298 2975 336 3021 ac
351 2953 452 3024 veluti
467 2954 701 3047 intromittatis..
750 2959 873 3028 Verum
888 2979 975 3028 nunc

32 3083 154 3150 tmen,
183 3056 215 3122 in
231 3051 281 3123 illa
298 3053 461 3125 literarum
479 3053 571 3142 luce,
594 3077 661 3150 qua
676 3055 830 3142 fruimur,
866 3059 898 3124 in
922 3039 972 3125 illa
1113 3115 1119 3126 .

32 3157 225 3254 ntiquitatis
239 3149 347 3223 omnia
355 3155 547 3249 cognitione
561 3157 722 3228 uberrima
737 3205 748 3245 ,
778 3178 876 3250 quam
896 3155 974 3226 huic
1062 3177 1066 3184 ·

32 3262 134 3334 tundi
150 3253 250 3327 aetati
267 3255 440 3326 resemauit
454 3256 562 3342 Deus,
592 3257 710 3348 allequi
734 3255 766 3324 id
791 3257 895 3327 saltem
918 3257 973 3326 ali·
999 3255 1001 3262 '

34 3388 85 3436 uo
112 3355 224 3428 modo
246 3358 390 3445 poterit,
421 3361 480 3449 qui
504 3357 618 3448 priscas
634 3355 847 3428 Sacerdotum
865 3364 973 3452 Aegy..
1056 3375 1059 3387 ·

33 3470 182 3546 tiorum,
191 3455 309 3524 fabulas
322 3455 457 3526 sollicite
474 3477 577 3552 eruet,
592 3478 708 3548 easque
722 3457 763 3526 ab
777 3453 974 3528 additamen-

33 3589 48 3636 s
68 3567 287 3634 Graecorum
303 3559 520 3628 recentiorum
532 3558 693 3644 secernet,
719 3559 777 3651 qui
792 3560 832 3628 ad
848 3559 976 3630 banno·
1007 3549 1011 3558 ’
1145 3545 1150 3554 “

33 3669 99 3736 iam
126 3679 169 3730 et
191 3677 313 3726 nexum
335 3655 511 3728 fabularum
532 3661 617 3728 iuter
630 3658 663 3728 se
678 3657 848 3752 diligenter
866 3680 973 3729 atten-

33 3787 86 3853 tt,
111 3761 179 3852 qui
197 3778 239 3825 ex
255 3777 343 3826 nexu
357 3759 413 3826 illo
429 3727 542 3830 omnst
557 3759 766 3842 diiudicabit,
791 3781 844 3846 et,
862 3759 917 3830 vbi
940 3759 974 3830 id

35 3887 125 3938 cere
141 3855 283 3942 licebit,
311 3877 387 3932 cum
401 3859 468 3930 aliis
484 3864 580 3931 etiarn
596 3861 827 3945 Orientalium,
856 3861 976 3932 Breclu

460 3961 567 4088 <o¹
792 4063 796 4072 ,
846 3985 976 4034 annum
