2654 4286
175 210 179 229 .
243 153 625 244 ιιιε,τιιιιιε
653 97 869 228 arcens
954 131 1017 246 ‘219‘

136 336 171 434 §-
195 359 258 426 ¹9·
288 335 344 410 Ad
365 359 401 408 ea
422 359 507 430 quae
527 333 794 421 obseruauimua,
824 337 880 408 alia
903 337 1013 410 etiann-
1040 357 1121 424 ue„
1153 381 1204 422 ar·
1261 333 1282 376 '‘

65 461 141 514 nunt
159 461 207 508 rer
197 439 317 511 buius
330 439 446 510 indicia
459 459 494 510 et
515 459 702 530 argumente
722 438 854 534 adiungi
874 439 1015 532 poliunt.
1038 439 1219 525 gummi»-

65 561 130 608 non
148 541 259 627 prinus
286 539 460 612 luculenta
515 539 606 610 Talia
626 539 719 628 sunt,
752 537 791 628 ι’)
814 539 938 634 quod
930 559 1014 612 inter
1039 532 1187 591 ‘'mm-

65 637 176 734 dgna,
200 662 286 734 quae
309 639 470 732 originem
489 639 608 733 Apidia
634 640 777 712 diuitum
798 625 1098 734 demonstrarem·

65 740 339 836 perhibebantur,
370 740 449 812 ellet
471 741 569 814 etiem
589 742 742 837 aliquod,
773 763 841 835 quo
863 743 930 814 Nili
958 739 1054 812 ad·

67 840 191 912 scensua
212 861 248 913 et
276 843 515 914 incrementum
536 840 790 917 subinnueretur
841 843 923 916 Dixi
942 845 1016 935 qui

68 941 197 1038 detn§.
218 955 261 1026 re,
291 941 414 1035 sgnum
435 941 501 1014 hoe
521 942 604 1024 ΙιιιίΙιί
626 943 731 1018 uideri
752 965 820 1024 non
843 941 1016 1030 differret¹

68 1043 559 1158 maculabunrecqrniculantit,
568 1067 698 1127 terrun
712 1043 1018 1140 quomodocunque

70 1145 209 1216 rerbaae
225 1141 266 1218 se
271 1129 403 1228 habeat,
427 1145 461 1214 id
482 1141 590 1217 saltem
608 1144 686 1218 ltine
706 1146 838 1220 abunde
857 1142 1013 1240 perspici-

71 1263 159 1336 tur,
167 1247 363 1318 Sacerdotes
382 1245 547 1339 aliquod
538 1269 571 1316 tn
592 1249 704 1340 Apide
725 1247 784 1322 suo
806 1246 951 1341 sgnum,
974 1247 1016 1318 ad
1159 1309 1164 1330 ,

72 1345 155 1418 hunc
176 1347 344 1418 nrodurn
329 1365 565 1439 interpretator
585 1349 667 1430 elle,
689 1369 799 1441 eoque
821 1347 910 1440 ipso,
932 1349 1016 1420 tauri

72 1445 162 1518 huius
177 1445 277 1532 sacri,
299 1449 340 1518 ad
352 1445 471 1518 Nilum
488 1447 671 1542 illiusque
663 1469 861 1520 incrementa
886 1451 1017 1518 relatio·
1133 1471 1135 1477 ’

74 1569 143 1618 nern
159 1541 356 1620 subinnuere
370 1545 578 1620 consueuide.
627 1549 673 1642 a)
699 1551 787 1618 lnter
806 1549 1016 1620 Traditionea

73 1650 299 1722 sacerdotales
309 1651 352 1720 de
378 1650 495 1738 Apidis
524 1648 693 1738 Numine,
729 1670 764 1718 et
784 1647 1123 1720 incendant..

73 1769 141 1840 tur,
164 1749 372 1842 Apidem,
398 1751 432 1844 fi
450 1749 589 1820 omnibus
567 1751 698 1862 figitis
720 1751 950 1843 constrmmaerus
967 1773 1020 1818 rr·

69 1869 170 1940 pertus
187 1852 276 1944 effer,
306 1849 475 1925 »loram
489 1825 643 1946 frugium,
674 1847 860 1946 diuerfiaque
879 1850 1019 1924 indicare

75 1949 158 2026 lona.
193 1951 442 2024 Ethabebatur
457 1956 510 2024 ille
523 1956 678 2024 etiam**
699 1949 801 2036 οὕτως
815 1953 906 2055 degui
865 1979 1020 2056 gut-cm

76 2053 314 2172 adtigivtrng
315 2057 387 2141 irat,
410 2057 523 2124 audior
538 2053 686 2124 oberratis
700 2055 850 2149 frugum.
879 2072 909 2124 tt
923 2056 1022 2148 ferri·
1152 2081 1164 2114 r
1290 2103 1292 2112 ,

77 2151 183 2224 litatis
199 2158 307 2224 totius
312 2155 413 2236 mi.
484 2156 571 2226 lllarn
603 2178 683 2226 vero
705 2154 872 2226 ubertarem
887 2156 1022 2250 frugum

77 2259 222 2348 Aegypti
237 2257 390 2352 incolae,
423 2257 544 2328 aNilo
567 2277 690 2326 tanturn
713 2259 747 2325 in
775 2279 870 2352 agree
891 2258 963 2330 litos
988 2251 1021 2328 se
1139 2305 1142 2314 ·

78 2351 262 2428 ellirndente
279 2355 445 2450 sperabant
458 2377 558 2473 atque
572 2357 795 2450 experiebatur.
846 2358 969 2431 Hunc
961 2361 1021 2451 rgi-

79 2451 299 2538 turlluuiuru,
319 2458 368 2528 vti
383 2477 446 2528 nec
464 2458 569 2528 minua
585 2457 761 2540 beneficia,
784 2479 873 2552 quae
892 2454 931 2530 ab
953 2462 1022 2530 eiua
1166 2537 1172 2564 ⁸

80 2556 114 2624 ad
117 2553 363 2650 lceuure'qionr
353 2555 449 2630 lirae
462 2558 700 2650 pollicebantur
716 2560 892 2654 Aegyptii,
913 2559 1023 2656 Apide
1076 2587 1082 2594 ·

80 2652 133 2724 suo
145 2655 232 2752 quali
247 2658 448 2742 adumbrari,
470 2676 504 2730 et
518 2658 675 2730 diuinitus
693 2661 941 2752 quodammodo
961 2659 1025 2730 ob·
1183 2655 1186 2666 '

82 2752 203 2847 ignari,
227 2755 360 2854 persutli
383 2777 481 2834 eratrt.
530 2764 565 2848 3)
591 2765 673 2856 Quo
692 2783 774 2831 vero
796 2761 943 2858 indicio,
968 2765 1025 2832 Sa·
1054 2795 1061 2808 ·

84 2858 228 2930 cerdorer
243 2859 278 2930 id
293 2860 387 2953 quod
401 2857 454 2928 lric
469 2857 623 2950 adllruo,
635 2862 828 2932 luculentius
842 2861 947 2934 testari
961 2883 1026 2956 po·

84 2973 226 3078 ruerunt,
251 2981 350 3054 quarn
364 2960 459 3056 quod
473 2962 615 3034 uitulum
643 2959 737 3031 suurn
758 2959 966 3078 sacrandum,
989 2983 1025 3036 et

85 3055 214 3147 buriam
229 3060 539 3137 honoribuadiuinia
557 3061 760 3144 donandum,
785 3065 932 3134 omniurn
943 3065 1025 3158 pri·
1090 3073 1094 3081 '

85 3159 346 3234 nodeducerent
361 3160 551 3256 Nilopolim‚
576 3162 744 3258 ibiquead
758 3161 827 3234 dies
842 3163 927 3246 XL..
940 3167 1026 3236 asr-

86 3260 265 3334 terdotibus
296 3259 432 3334 sollicite
464 3263 504 3334 eli
532 3262 819 3358 iuberent?§..6
868 3263 1025 3360 Nilopolis
1162 3319 1164 3326 ι

59 3357 155 3426 'vrbs
153 3364 312 3476 Aegypti
328 3362 469 3442 mediae,
495 3387 615 3436 nomen
629 3383 768 3458 traxerat
787 3387 804 3435 a
825 3363 925 3456 Nilo,
950 3370 1025 3438 Nu·

88 3459 165 3528 nine
153 3451 245 3534 illie
256 3485 332 3555 prae
347 3465 481 3535 caeteris
495 3459 721 3561 religioilfirne
735 3465 838 3538 culto.
873 3421 972 3542 Erit
961 3466 1027 3562 rgi
1147 3521 1149 3529 ,

88 3571 136 3670 tor
149 3562 304 3662 Nilopolir
317 3565 393 3636 trba
408 3563 608 3686 fluuioNilo
632 3581 703 3638 tota
726 3563 929 3654 consentu,
953 3566 1024 3637 cul·

907 3668 1026 3765 ruique

1108 929 1126 971 U

88 3778 105 3818 ἡ

90 3787 357 3942 lllllll}
376 3814 411 3940 l
428 3811 523 3942 ln
537 3875 603 3942 nr
617 3879 676 3944 an
683 3881 759 3948 tx.
