2570 4286
304 125 369 239 ιε’
573 159 734 235 tany.
782 161 941 234 0001.

302 333 472 409 dicebatur
492 347 615 408 tanturn
637 334 786 436 brutius,
820 360 891 406 nam
911 335 966 406 801
986 332 1055 428 ipse
1076 357 1143 404 non
1164 355 1233 428 erar,

222 445 225 452 “
302 439 509 532 quantumuis
528 441 649 529 primos
669 441 753 508 iliius
774 439 949 518 exorientis
968 439 1100 518 radios,
1140 457 1234 506 terrae

36 549 39 556 '
174 579 179 588 ·
302 528 1236 632 0110000100.,ροοάνετοΑεςγρτίἱ1000000000,Αοοι

166 627 168 642 '
301 635 403 710 bilem
422 663 440 708 e
455 637 603 738 Nepbrby
613 637 795 732 susceptum
811 641 889 729 effe,
909 637 1029 708 sensuni
1045 638 1134 707 hunc
1149 637 1235 708 babet

277 739 461 812 ‘arcanumz
512 741 729 811 incolentibus
747 745 933 834 Aegyptum
957 739 1118 820 mediam,
1148 739 1235 810 &su-

299 845 482 938 potiorem,
508 865 525 911 a
541 841 691 934 Memphi
706 839 807 934 vsque
829 841 868 910 ad
885 843 1029 930 Syenen,
1053 840 1111 908 801
1126 840 1234 920 oriens,

184 941 190 964 ⁹
273 1018 276 1027 ,
299 944 443 1012 omnium
459 944 564 1033 primo
579 943 739 1018 montium
756 943 883 1012 111οωοι
900 935 1062 1011 cacumina
1082 941 1233 1010 iliumina

195 1033 197 1041 ¹
298 1043 378 1127 bat,
402 1045 457 1137 qui
472 1042 509 1112 ad
524 1044 678 1113 orientale
685 1045 751 1114 Nili
768 1045 848 1112 latur
862 1037 958 1136 pofiti
972 1041 1063 1128 sunt,
1088 1062 1128 1111 et
1142 1039 1233 1112 vetuti

297 1143 438 1226 exiliis,
471 1164 593 1233 partem
617 1147 760 1238 Aegypti
782 1163 875 1240 quarn
893 1144 984 1225 dixi,
1006 1140 1233 1234 prospectabat,

237 1300 241 1313 .
297 1242 391 1317 Acuti
407 1243 622 1314 habitantibus
634 1247 667 1314 in
685 1255 840 1338 Aegypto
855 1242 1016 1331 inferiori,
1037 1243 1099 1312 lux
1107 1243 1232 1321 80115,ῐο

264 1363 279 1452 ,’
297 1342 369 1436 ipso
385 1365 478 1428 orm,
496 1366 642 1415 emonte
656 1345 766 1425 eafio,
795 1348 826 1413 in
850 1342 965 1416 finibus
985 1346 1099 1429 Syriae
1124 1363 1159 1414 et
1177 1345 1231 1410 Ae·

294 1447 390 1540 gypti
414 1443 537 1536 pofito,
562 1446 734 1517 videbatur
756 1446 849 1520 mitti.
922 1443 1020 1516 Vnde
1046 1463 1231 1516 eventura
1260 1497 1261 1506 ,

190 1579 194 1590 .
294 1545 441 1638 pausat,
457 1547 526 1618 Lib.
539 1544 578 1618 X.
599 1569 717 1637 nora·
758 1626 760 1633 .

257 1669 262 1754 ἰ
342 1692 503 1786 Lucifero
519 1682 605 1786 cafia
615 1691 773 1786 prospexit
785 1711 876 1786 rupe,
893 1688 1036 1786 demque

206 1835 210 1844 ·
344 1797 432 1888 Miser
445 1795 477 1861 in
493 1799 557 1886 Arg
557 1809 668 1886 ypram
672 1795 778 1886 primo
793 1816 916 1892 quoque
928 1797 995 1862 Sole
1008 1789 1170 1868 calentem.

260 1933 266 1942 ’
294 1936 385 2008 Hine
400 1931 441 2004 de
456 1935 620 2004 Hadriano
635 1938 833 2025 Imperatore
849 1931 1019 2026 refertur„
1036 1928 1137 2024 quod
1163 1921 1183 1960 *
1203 1925 1229 1990 ia

273 2053 425 2106 ‚montem
440 2035 579 2129 Castum,
606 2032 730 2109 uidendi
741 2035 822 2104 Solis
835 2052 924 2103 ortus
930 2032 1041 2128 gratia
1055 2027 1230 2124 ostenderit,

292 2133 351 2206 vbi
372 2157 516 2207 montetn
539 2134 683 2221 Cabum,
713 2159 781 2206 non
806 2135 928 2226 Syriae3
959 2133 1014 2204 sed
1036 2135 1070 2201 in
1087 2129 1228 2202 confiuit

217 2231 220 2241 ’
292 2240 456 2332 Aegypti,
485 2237 678 2326 Phoeniciaa
705 2259 743 2308 ac
764 2239 900 2306 Arabiae
928 2231 1049 2318 fitam,
1088 2229 1228 2324 intelligi,

287 2339 392 2408 nulius
408 2337 543 2417 dubito,
557 2337 613 2408 etsr
629 2337 705 2408 viris
719 2337 853 2406 eruditis
867 2334 955 2406 secus
970 2333 1078 2403 videri
1093 2331 1226 2402 animad-

90 2433 96 2443 ’
181 2507 188 2513 .
288 2439 455 2508 uerterinr.
504 2439 684 2510 Videbatur
699 2457 779 2530 ergo
795 2439 1032 2530 Aegyptiorum
1048 2435 1227 2528 0013000-

288 2561 333 2608 ne
349 2557 474 2607 montes
486 2539 575 2630 ilios,
600 2539 659 2631 qui
672 2539 783 2608 Nilum
801 2561 818 2608 a
832 2541 954 2626 Syene,
976 2535 1017 2606 ad
1033 2535 1225 2630 Memphim,

286 2659 307 2708 a
329 2640 448 2706 dextro
472 2641 586 2722 latete,
608 2639 666 2707 uel
687 2640 726 2708 ab
741 2641 878 2709 Oriente
893 2641 1047 2730 cingunt,
1070 2639 1130 2707 Sol
1145 2637 1224 2716 oriri,

283 2759 394 2830 eoque
415 2742 579 2809 cacumina
597 2737 716 2809 borum
743 2740 929 2823 montium,
967 2738 1079 2828 primo
1107 2740 1225 2828 impetu
1257 2789 1258 2798 a

284 2841 486 2929 contingere.
534 2843 637 2910 Tetra
651 2860 752 2920 vero,
782 2860 869 2932 quae
887 2841 974 2912 inter
994 2857 1127 2908 montes
1148 2838 1223 2920 istos,
1257 2839 1258 2905 1

144 2969 147 2976 =
202 2930 221 2956 ''
284 2956 440 3030 mareque
455 2940 605 3028 rubrum,
628 2941 682 3008 vel
694 2941 804 3009 Sinum
819 2940 1017 3022 Arabicum,
1040 2938 1224 3010 intermedia

284 3039 386 3128 iacet,
426 3039 532 3120 arida,
563 3037 696 3133 sterilis,
728 3058 761 3108 et
783 3037 912 3135 prorsus
944 3039 1090 3124 infelix,
1120 3046 1221 3132 Aegy·

99 3159 105 3194 r
180 3128 185 3138 ’
282 3139 430 3230 priorum
445 3137 626 3232 Theologis
642 3139 811 3211 dicebatur
823 3139 1004 3234 Nepbrbys,
1036 3143 1134 3232 quod
1158 3161 1221 3230 cap.

280 3240 337 3313 111.
363 3241 452 3310 Libri
468 3239 577 3320 huius,
602 3233 796 3330 argumentis
818 3263 884 3310 non
905 3244 1157 3314 contemnendis
1174 3239 1220 3310 ad·
1255 3285 1256 3294 1

281 3335 448 3412 straenaus.
497 3340 649 3430 Curnque
661 3339 736 3410 inde
749 3341 805 3410 Sol
820 3361 931 3412 ortum
951 3343 1077 3414 ducere
1097 3345 1219 3414 videre·

281 3455 356 3521 rur,
369 3460 417 3516 ac
431 3440 599 3530 Aegyptiis
612 3435 644 3508 se
659 3439 926 3531 conspiciendum
942 3443 1127 3536 praeberet,
1139 3453 1216 3516 Anu·

202 3607 205 3619 ,
281 3535 329 3604 bis
341 3551 353 3620 ·,
393 3540 579 3629 quisolenr
599 3542 774 3632 Aegyptiis
796 3563 838 3612 ex
860 3543 912 3616 ilia
936 3547 1074 3636 regione
1096 3547 1215 3618 mittere

279 3637 542 3719 existimabatur,
571 3636 653 3726 stylo
669 3641 843 3732 allegorico
863 3645 1114 3736 nuncupabatur
1134 3643 1214 3739 Oybv'·

278 3734 329 3806 dir
350 3759 384 3809 et
400 3736 581 3831 Nepbrhyos
594 3731 687 3813 filius.
718 3743 790 3812 111.
810 3745 932 3838 Neque
951 3765 1033 3816 vero
1055 3749 1160 3819 minus
1178 3743 1213 3814 o

1026 3845 1213 3922 ,ὣ

157 3973 169 4002 ·
275 3967 575 4060 ‘senuarauvs
595 3975 789 4046 1011011000
806 4001 886 4061 004.
978 4013 987 4020 -
