2532 4294
211 173 214 180 ’
285 237 329 314 a
588 227 744 318 trus,
794 199 1035 318 ctum*

279 405 326 504 fit
347 424 487 498 tempora
509 413 671 508 effitiunt,
703 413 865 512 peprrtffe,
901 439 938 488 ac
955 397 1122 511 ⁸pratalifft
1143 435 1186 484 ttt
1196 411 1245 508 se,

167 557 171 574 .
287 502 441 598 duplicem
462 513 619 602 quandam
625 519 778 609 speciem,
800 539 893 609 quam
908 519 955 588 illi
968 517 1101 612 mastalo
1116 559 1130 571 -
1135 511 1245 608 faeni«

286 608 398 680 ninam
418 634 548 698 vacant,
579 642 620 686 ex
642 611 798 691 contraria
818 618 997 709 admistione
1016 615 1192 688 taiasmatt
1205 616 1245 686 di·

285 708 444 802 tterfitatis
457 713 592 810 speciem
614 737 791 788 concretam
804 743 819 786 .·
862 737 893 787 et
916 725 970 789 tac
989 718 1043 814 effe
1056 717 1245 806 principiam

285 813 442 894 amnium,
462 823 548 906 qaod
561 822 707 905 primaint.
722 843 765 890 ex
784 821 921 890 materia
929 815 1245 910 putiaraptactffitit,

285 916 427 1001 quodque
448 923 617 1003 procedens
639 917 854 1012 diſsertionem
875 937 1014 1010 quatuor
1033 909 1245 989 steinentaraa

278 1007 429 1097 ·dedttit‚·
458 1032 492 1082 et
511 1041 554 1086 ex
566 1015 709 1104 damus,
731 1041 811 1110 quta
833 1022 940 1108 prima
954 1017 1051 1114 siant,
1073 1019 1244 1095 elementis,

272 1110 394 1204 jiacerit
416 1123 553 1200 coelunt,
573 1139 616 1188 ex
628 1121 705 1192 aliis
717 1139 822 1191 autem
836 1139 954 1190 tertam
961 1143 976 1203 ‚·
997 1143 1042 1190 tx
1056 1119 1172 1209 quibat
1185 1117 1243 1187 iant

279 1214 386 1282 amnia
404 1217 649 1306 participatione
662 1224 719 1314 sai
740 1221 875 1293 inuicem
896 1221 984 1314 nasci
1004 1219 1084 1300 dicit
1106 1237 1138 1286 et
1147 1217 1246 1310 gigni,

275 1309 413 1385 Fabulae
435 1312 540 1404 istius,
561 1316 635 1391 rudi
653 1317 832 1393 admodum
850 1318 1006 1420 penicillo
1023 1315 1246 1404 odtunbratat,

123 1483 131 1498 ,
177 1425 180 1430 ’
274 1411 326 1484 113⁸
340 1409 464 1498 videtur
480 1414 715 1494 fitilsesensust
764 1422 817 1496 hb
834 1427 928 1496 oanni
944 1425 1130 1492 aeternitate
1146 1421 1239 1492 Men·

204 1581 206 1584 ,
272 1530 341 1586 tem
366 1523 604 1612 ctunlMateria
627 1517 836 1598 coniturt‘bam
855 1518 967 1610 husa,
994 1527 1029 1593 in
1047 1519 1088 1591 ali
1112 1546 1159 1592 uo
1183 1525 1238 1590 im·

222 1653 227 1678 ·
271 1611 386 1688 menso
402 1620 515 1712 Chao,
539 1627 692 1698 Mentem
705 1653 782 1698 vero
797 1627 906 1698 Chaos
921 1621 1033 1695 seusun
1048 1629 1083 1694 in
1090 1547 1237 1692 lormam

189 1749 192 1754 ¹
271 1723 328 1788 oui
342 1714 515 1820 redegisse,
533 1745 627 1826 atque
644 1747 715 1799 tum
729 1733 880 1808 virtutem
893 1722 982 1798 suam
999 1717 1183 1824 explicuisse
1198 1741 1237 1791 ot·

270 1843 336 1918 que
359 1819 585 1928 inartifeslass'e‚
618 1827 786 1900 elementa·
800 1823 1029 1913 discernendo,
1061 1843 1156 1897 etex
1178 1821 1236 1896 illis

271 1923 388 1994 cundia
413 1921 580 2018 creando:
614 1925 754 2002 habuisse
778 1949 885 2001 autem
910 1932 1064 2001 Mentem
1090 1944 1234 1997 naturam

266 2019 674 2121 Masculo·soernininatn,
699 2027 732 2102 id
748 2029 809 2117 est,
825 2035 859 2102 in
880 2027 913 2102 se
931 2022 1074 2102 habuisse
1096 2032 1236 2099 rationes

266 2123 411 2212 Nattnae,
431 2135 549 2219 totius,
582 2151 614 2204 et
639 2159 700 2234 qua
724 2161 741 2203 a
766 2139 809 2220 it,
840 2152 873 2205 et
897 2158 959 2232 qua
983 2135 1106 2230 patitur.
1163 2126 1233 2198 Sine

266 2217 367 2299 dubio
381 2250 420 2322 'et
441 2232 495 2303 hic
517 2255 692 2308 occurrunt
708 2161 859 2334 rebqniae
876 2229 1054 2305 traditionis
1071 2225 1247 2306 Mosaieae,

267 2319 309 2396 de
326 2332 488 2428 creatione
503 2332 638 2406 mundi..
679 2337 771 2408 Tota
787 2339 867 2408 haec
883 2331 1007 2418 fabula,
1030 2326 1071 2404 de
1087 2357 1157 2431 quo
1171 2355 1233 2400 am·

126 2491 139 2520 χ
267 2422 333 2530 bigi
348 2433 553 2530 nonpotesl,
570 2455 641 2507 orta
655 2435 700 2508 est
712 2462 751 2507 ex
765 2440 814 2508 his
828 2434 931 2509 Molis
943 2432 1045 2507 verbis
1060 2437 1144 2508 Gen.
1160 2435 1186 2518 l,
1199 2443 1247 2502 ιε’

268 2527 370 2600 nmo
396 2537 452 2602 on
470 2517 524 2604 ‘aa
545 2537 682 2606 nun-m
706 2513 834 2606 arnas
857 2539 940 2606 nro
966 2543 1010 2609 rc
1024 2535 1157 2631 spartea
1172 2531 1233 2602 aa

167 2661 176 2669 -
264 2626 433 2704 incubabat
442 2635 543 2732 staper
555 2640 675 2733 finient
697 2661 861 2736 aquatam.
908 2637 973 2708 Vbi
995 2638 1108 2708 Critici
1130 2629 1232 2705 obser·

265 2729 360 2819 vans,
378 2761 436 2834 per
451 2763 569 2809 vocem
584 2741 721 2809 ΠΒΠἾΒ
738 2737 882 2812 denotari
899 2737 997 2812 talem
1012 2740 1231 2838 agitationem,

188 2868 192 2883 ν
261 2831 395 3003 pualetu
411 2837 581 2912 coltunbae
595 2837 786 2940 perficiunt,
811 2836 891 2913 dum
907 2843 978 2914 ouis
993 2835 1053 2910 suis
1070 2831 1110 2907 ad
1126 2833 1231 2906 exclu-

185 2965 188 2971 ·
288 2931 410 3008 endum
423 2939 528 3040 pullos
545 2942 706 3014 incubant.
731 2945 821 3013 Hinc
837 2949 938 3018 Ottttnt
951 2934 1232 3014 vetussiffimorffln

232 3073 236 3077 ·
263 3033 563 3142 Philosophorum,
595 3069 635 3114 ex
659 3069 726 3146 quo
750 3037 866 3116 consta
888 3033 1038 3144 prodiisse
1060 3037 1229 3121 docebant,

262 3159 465 3242 uernpeper
486 3151 637 3218 virtutem
662 3147 794 3244 Spiritus
818 3147 931 3216 Diuini
955 3141 1158 3226 incubantis,
1190 3131 1229 3206 de

262 3263 331 3340 quo
349 3241 471 3316 consuli
487 3245 593 3346 potest
611 3271 635 3318 r
646 3271 682 3316 ιι.
702 3267 785 3318 avt
796 3274 819 3318 ιι
831 3271 850 3320 e
863 3272 886 3317 r
897 3273 930 3316 11
949 3245 1098 3318 Theoria
1113 3235 1229 3310 Tellu-

235 3355 239 3368 '
260 3345 305 3411 ris
323 3343 417 3416 Sacra
434 3347 503 3418 Lib.
521 3351 571 3436 11,
594 3373 661 3446 cap.
678 3373 726 3420 ιο.
784 3351 933 3446 Inprimis
949 3364 1093 3418 vetenun
1108 3336 1228 3414 sermo·

128 3480 133 3499 ι
259 3442 354 3516 nibus
380 3445 503 3520 celebre
527 3451 736 3520 vehementer
755 3443 816 3520 fuit
839 3455 951 3522 Outtot·
967 3448 1158 3538 Orphicum,
1189 3433 1227 3507 de

174 3579 176 3581 ·
262 3569 329 3644 quo
345 3565 470 3644 praeter
485 3549 664 3636 aussoreno,
680 3545 785 3621 modo
802 3543 978 3635 saudauma
997 3541 1114 3647 ,passim
1130 3546 1225 3613 etiarn

260 3639 381 3722 disserit
420 3675 806 3752 uscnrnaucutvs
848 3655 884 3721 in
916 3653 1053 3742 Epigtm
1084 3643 1225 3734 Ospbiat.

330 3751 432 3826 heum
454 3779 531 3826 vero
556 3753 667 3823 Omun
688 3745 782 3826 suum
802 3751 841 3824 ab
861 3752 1030 3852 Aegyptiis
1046 3762 1224 3817 mutuamn

259 3863 280 3926 ‘e
306 3877 342 3938 e,
366 3851 417 3928 vel
434 3877 531 3928 ereeo
547 3848 757 3954 intelligitur,
784 3847 874 3953 quod
890 3871 967 3926 tota
980 3856 1047 3924 eius
1070 3845 1227 3946 Sapientia

180 4030 190 4035 -
253 3966 301 4036 ‘ex
327 3949 472 4032 sontibus
496 3957 738 4060 Aegyptiorum
759 3950 975 4059 profluxerit,
1005 3943 1102 4050 idque
1130 3948 1228 4016 etiam

297 4087 301 4106 ¹
995 4063 1226 4129 asseresve
