2528 4280
201 168 784 253 enoneoonennss
865 177 983 253 =xvn
1084 140 1106 284 ’,

43 351 136 447 eutii,
155 351 314 447 Aegyptii
339 353 514 423 coluerunt
532 355 664 424 Numen
687 353 822 446 aliquod
847 353 981 426 idololr·

42 457 172 539 tticum,
197 452 291 547 quod
305 456 422 524 Graeci
444 451 609 524 Herculem
633 455 896 545 interpretentur,
921 477 981 526 cu·

42 556 157 647 iusque
172 556 331 625 rationem
354 575 389 625 et
402 547 685 647 fignifiention'ern,
710 553 784 624 loco
802 555 858 626 suo
875 557 980 649 expli-

41 657 116 726 cuie
143 676 176 726 at
198 645 362 748 enimspet
377 653 427 738 se,
449 633 574 723 oo‘nten
593 655 669 724 illud
694 653 770 724 nihil
790 659 875 727 aliud
899 655 980 724 deii-

42 762 144 849 gntt3
187 777 284 850 quarn
313 757 407 849 quod
446 755 603 828 Hebraeis
626 733 709 842 ΒΝ,
749 777 782 852 et
811 765 898 838 lul
924 735 980 832 ΗΝ

40 851 245 948 significent,
279 881 395 949 nempe
413 857 566 952 sortem,
592 855 772 950 robustum,
803 861 857 928 vel
878 851 980 931 Deur're
1047 881 1049 892 ·

37 961 164 1050 sortem.
217 959 302 1049 Quis
326 981 443 1050 negare
468 957 594 1040 audeat,
618 961 729 1053 primis
747 959 805 1029 illis
819 963 979 1054 tempori·
1111 1003 1117 1013 ι

41 1061 111 1142 bus,
135 1061 185 1130 de
209 1058 328 1152 quibus
350 1057 531 1152 loquimur,
555 1059 738 1153 Aegyptios
759 1063 890 1134 nomine
912 1083 979 1132 torn

39 1159 331 1256 augusto,veru1n
361 1161 472 1231 Deum
501 1157 726 1252 compellasse,
747 1161 803 1230 etfi
826 1163 979 1254 posthaec
1038 1197 1042 1204 ·

39 1261 119 1332 illud
139 1261 255 1354 ipsum,
279 1260 319 1330 ad
334 1257 404 1330 flua
420 1259 591 1330 hominurn
604 1261 687 1330 idon
708 1263 889 1333 translatum
906 1263 978 1336 fue·
1046 1286 1057 1339 f

37 1365 92 1434 rit.
148 1365 275 1432 Locum
293 1381 326 1430 et
349 1357 402 1429 hic
424 1359 532 1442 habet,
556 1361 649 1453 quod
674 1364 803 1438 deDiis
819 1367 981 1451 syrorum·
1007 1411 1011 1419 ·

37 1483 119 1535 vere
136 1484 170 1534 et
191 1483 380 1554 opportune
401 1462 452 1530 vir
475 1464 661 1532 eruditione
682 1465 716 1532 et
732 1467 859 1542 meritis⁴
873 1467 904 1533 in
920 1467 980 1534 bo·
1067 1515 1071 1524 -

37 1588 92 1633 nas
115 1566 218 1634 literas
241 1561 366 1632 illustris
393 1554 714 1662 monuit.b1³apulas
736 1568 798 1634 Dei
810 1561 899 1657 satis
914 1574 977 1665 pie,
998 1574 1028 1658 lu.
1055 1577 1166 1641 senne·
1214 1616 1218 1632 ·

35 1687 105 1736 eum
121 1665 250 1736 Baalem
258 1659 353 1756 suuria
372 1659 532 1750 uocabant,
547 1671 738 1765 priusquam
760 1660 795 1736 ob
817 1692 917 1738 uocem
938 1671 979 1737 il·
1002 1662 1185 1764 Nvffdfflh‘·

34 1769 102 1836 lam
118 1765 164 1836 ad
168 1765 309 1865 profana
324 1767 465 1836 Numina
475 1763 661 1866 frequenter
676 1775 774 1838 nimis
787 1765 982 1855 treduilam,
1002 1749 1090 1824 sime
1107 1753 1184 1824 ΒΜ·

32 1864 181 1963 ida'pfiam
190 1869 271 1936 Deus
283 1856 415 1938 vetarer.
465 1869 506 1936 Et
520 1869 655 1938 iterum:
674 1879 690 1920 θ
709 1871 800 1940 Belus
813 1875 977 1972 enimpri·
1003 1833 1164 1982 1¹⁴1⁶}p·¹‘

33 1996 85 2048 mu
92 1966 253 2066 summum
268 1991 380 2050 rerum¹
391 1961 643 2064 gubernatorem,
668 1967 767 2041 Deum
791 1973 827 2044 0.
853 1967 903 2044 M.
924 1971 974 2042 de·
996 1939 1026 2064 ξ
1046 1941 1123 2066 diem

31 2067 176 2144 natabat.
199 2107 302 2122 --
320 2069 486 2169 grafflente
505 2093 590 2141 uera·
603 2067 761 2142 hominum
780 2097 907 2162 errare,
932 2073 978 2146 ad
993 2083 1099 2152 ibidem
1112 2049 1142 2176 p:

30 2173 122 2244 idola
141 2167 423 2266 transferebatur:
449 2187 479 2239 et
502 2168 847 2272 quodstmplicffmum
869 2193 901 2244 et
914 2185 981 2248 vui·
998 2193 1060 2240 eor.
1093 2177 1144 2246 fin.

30 2300 104 2346 cum
125 2281 277 2370 inprimis
297 2291 397 2361 erat,
417 2289 485 2340 tum
506 2273 670 2372 multiplex
691 2275 795 2368 postea
808 2276 979 2349 ‘redditum
1002 2279 1070 2326 ²⁰⁶·

28 2377 82 2464 est.
137 2371 287 2466 Superest
304 2395 408 2444 nonus
417 2373 650 2446 Thebaeorum
664 2398 724 2446 rex
733 2381 856 2462 Mares,
883 2383 977 2471 quod
1119 2431 1124 2442 .

28 2495 375 2550 ennroseuenes
400 2475 528 2565 optime
570 2477 813 2568 interpretatur,
848 2505 869 2548 a
911 2481 977 2552 Sole

27 2573 197 2657 duriatum,
220 2577 276 2646 vel
299 2575 411 2646 deatum
432 2575 522 2646 Solis.
574 2579 698 2646 Verum
712 2579 760 2647 vti
777 2601 841 2648 non
858 2582 981 2653 inuitus
1045 2597 1048 2606 ¹
1107 2569 1115 2590 ’

26 2683 169 2774 largior,
195 2698 312 2746 nornen
328 2676 395 2758 hoe
411 2673 452 2744 de
469 2675 652 2746 idololatria
669 2671 978 2774 Aegyptiorurnte·

24 2781 120 2869 stari,
149 2777 318 2872 postquam
341 2781 423 2848 Solis
443 2777 549 2846 cultus
572 2781 605 2844 in
626 2774 687 2849 illu·
700 2801 800 2872 gente
831 2785 977 2868 inuoluit,

24 2885 72 2951 itn
92 2901 171 2954 ante
194 2876 259 2948 hoc
281 2896 420 2970 ternpus,
443 2870 511 2946 fine
533 2879 629 2973 virio,
655 2897 690 2951 et
712 2883 911 2954 idololatriae
925 2880 977 2956 su·
1102 2908 1106 2925 ¹

21 2985 179 3074 spicione
198 2977 342 3050 adhiberi
369 2981 487 3076 potuit.
537 2981 658 3050 Melius
680 2983 796 3075 vtique
818 2985 850 3052 id
874 2987 976 3078 lique·
1057 2999 1061 3008 '

19 3105 93 3164 ret,
122 3079 143 3150 st
166 3078 293 3150 occasio
317 3079 506 3174 imponendi
531 3083 668 3151 nominis
690 3082 775 3154 istius
791 3088 871 3175 regi,
899 3108 976 3176 per·

18 3183 137 3278 specle
153 3179 244 3249 nobis
261 3180 348 3252 ell'et.
402 3183 563 3250 Nouimus
589 3186 801 3274 ceteroquin,
827 3186 922 3254 etiarn
941 3191 974 3254 in

19 3284 162 3382 populo
191 3283 267 3370 Dei,
292 3283 427 3350 heroie'm
459 3277 664 3352 fortillimum
702 3281 832 3375 Se'msiu,
855 3293 975 3356 n'onten
1105 3311 1135 3368 ,·

15 3387 95 3458 hoc
115 3383 242 3453 traxille
269 3385 414 3472 elevit),
438 3383 513 3465 Sole,
540 3403 693 3476 tunquam
709 3383 976 3480 diceevirumso

14 3491 152 3580 latrem,¹
171 3475 255 3559 einen
280 3483 420 3560 &dunen
437 3479 593 3576 Alieno,
620 3486 686 3569 vel,
709 3505 747 3554 vt
770 3488 847 3555 viris
875 3490 977 3558 duilio

13 3591 128 3660 etiem
144 3586 263 3676 placet,
294 3587 390 3656 Salem
406 3591 569 3655 eximium.
619 3587 741 3679 Neque
757 3605 861 3657 temen
877 3591 975 3679 pietu-

12 3711 109 3768 tem,
136 3708 193 3755 aut
208 3685 359 3758 Simsonis
374 3681 482 3775 ipius,
505 3705 561 3754 ant
571 3706 745 3776 parentum
773 3689 859 3773 eius,
886 3693 1002 3785 quis-f

11 3803 130 3884 quern
148 3786 273 3857 idcirco
290 3783 321 3856 ir'r
345 3785 483 3856 dubium
507 3787 647 3858 vocnuir.
699 3789 776 3858 Non
791 3787 911 3858 inficias
929 3811 976 3858 tu-

11 3913 102 3964 men
129 3911 185 3970 eo,
209 3909 253 3959 ex
276 3885 450 3980 Thebaide
458 3893 469 3974 ',
495 3889 602 4076 prinu(
612 3891 977 4075 lqqrruptuereligionis
1025 3928 1052 3991 „5

715 4051 720 4058 .
939 4011 975 4062 et
