2520 4284
176 160 794 254 xauvam,ereticorum:
866 192 868 209 ·
942 170 1040 264 ,κ
1154 129 1158 139 ’
1246 121 1247 128 ¹

17 347 18 355 ’
38 344 121 420 sorte
134 340 308 440 deperdito
315 400 327 439 ‚
349 297 636 421 haufiue'videturl
685 349 730 418 lta
746 346 863 418 sciebat
876 346 975 441 idem,
1079 349 1084 359 ’

37 448 126 538 quod
141 450 258 540 pariter
273 447 390 518 alicubi
410 450 585 523 memoriae
607 446 773 538 proditum
795 450 901 540 legille
922 452 973 520 vi·
1032 493 1034 498 ,

37 551 147 630 detur,
172 541 304 618 solerea
322 549 552 629 Sacerdotibus
566 551 734 664 Aegyptiis
754 549 856 644 eradi,
884 555 974 622 Iller-
1101 611 1107 624 .

37 654 169 731 curium,
202 647 277 728 seu,
303 669 343 718 vr
366 645 422 741 ipsa
448 649 681 740 loquebantur,
713 649 899 732 Anubidem,
919 656 974 744 fi.

30 775 142 846 parm
149 753 226 845 fata
241 745 390 852 Ofiridir,
414 753 540 864 quippe
555 753 612 844 qui
627 750 734 820 Solem
759 753 850 820 :robis
865 757 976 823 oriem*

35 878 97 926 tem
112 857 152 926 ab
169 851 401 942 hemisphaerio
419 849 561 922 inferiori
577 851 752 941 separaret,
784 854 875 938 nobis
890 879 971 926 vero

34 958 259 1043 occidentem,
284 973 318 1020 et
335 951 366 1019 in
389 949 657 1048 hemisphaerium
682 952 814 1023 inferius
836 955 973 1025 redeun-

35 1077 115 1138 tem,
136 1081 152 1126 a
169 1051 279 1144 nostro
292 1050 478 1142 secluderet.
529 1056 606 1122 Non
621 1053 754 1143 quidem
769 1043 890 1124 inficias
903 1058 973 1130 iue-

37 1159 334 1244 rim,Sc1iprorem
374 1153 481 1241 illum,
520 1153 695 1226 doilrinam
734 1158 974 1248 Aegyptiorum
1076 1239 1078 1248 Ι

37 1256 259 1352 symbolicam,
284 1255 336 1323 cui
351 1276 437 1322 nunc
459 1253 567 1324 lucem
579 1253 715 1344 aliquam
737 1253 976 1328 affundereco·
1063 1272 1066 1278 '

12 1377 114 1442 mor,
144 1359 240 1448 longe
266 1355 357 1429 aliter
383 1355 561 1446 explicare,
600 1375 699 1444 atque
720 1379 782 1450 ego
804 1356 857 1428 hic
878 1357 974 1430 facio.

35 1450 497 1556 Egoseparationemvdfiridis,
522 1455 563 1524 de
584 1455 665 1524 Solir
685 1455 724 1524 ad
750 1457 891 1528 nostrum
916 1459 971 1530 he.

35 1557 416 1654 misphaeriumaccelsu,
447 1575 482 1625 et
495 1553 536 1624 de
550 1553 691 1625 eiusdem
712 1557 753 1624 ad
768 1556 899 1626 inferius
914 1559 973 1630 he·

35 1660 257 1754 mispliaerium
281 1656 406 1742 reditu,
437 1658 645 1745 interpretor.
703 1659 779 1728 Eam
790 1659 973 1750 fiparatio.
1109 1679 1113 1686 ·

34 1787 98 1834 rem
112 1755 362 1838 efficitanubis,
386 1755 452 1830 flue
474 1757 636 1848 Heriem,
671 1757 696 1827 is
719 1759 826 1842 enim,
855 1763 901 1828 vti
924 1762 972 1829 di.

34 1867 200 1939 cebamus,
230 1859 338 1928 Solem
362 1858 652 1950 nobisorientem
684 1881 728 1928 ex
747 1858 889 1934 inferiori
914 1860 972 1932 he.

35 1963 223 2060 misphaerio
240 1957 404 2040 excludit,
429 1977 464 2028 et
484 1959 576 2028 nobis
597 1959 823 2040 occidentem,
854 1983 896 2037 ex
913 1984 974 2030 no·
1052 2041 1055 2048 Ἰ
1076 1997 1082 2023 ,

35 2065 96 2136 liro
112 2059 280 2157 superiori,
304 2061 336 2126 in
354 2059 438 2129 aliud
452 2059 588 2152 repellit.
638 2064 684 2130 At
698 2084 724 2130 ‘c
735 2073 894 2132 derlee
911 2063 973 2132 do·
1027 2103 1030 2110 ν
1061 2060 1064 2076 '

35 2169 163 2236 lirinum
186 2161 393 2253 symbolicam
421 2159 463 2229 de
480 2161 677 2253 separatione
697 2159 842 2254 Ofiridis,
868 2159 974 2231 inter*-
1034 2180 1036 2188 ’

35 2287 178 2362 pretatur
199 2265 241 2338 de
263 2259 386 2330 seminis
407 2261 439 2328 in
463 2279 579 2332 terram
602 2264 822 2356 conicdiione,
863 2265 974 2355 deque
1010 2306 1014 2318 -

34 2367 199 2446 eiusdem,
231 2383 368 2432 exterra
383 2360 522 2430 laetifico
537 2362 664 2452 reditu,
689 2383 743 2431 aur
756 2363 898 2434 insecuta
921 2386 975 2433 re·

35 2469 236 2538 surreslione.
255 2544 259 2554 Ι
278 2465 319 2532 Et
334 2463 366 2530 in
383 2483 424 2530 eo
437 2461 513 2532 alios
533 2481 656 2532 tantum
680 2461 806 2532 securus
829 2463 890 2548 est,
914 2464 975 2556 qui
1046 2471 1052 2482 '

33 2593 98 2640 rem
114 2569 197 2638 lunc
211 2561 327 2634 eodem
345 2562 447 2630 modo
461 2561 614 2652 explicari
630 2564 736 2652 polle,
752 2567 974 2636 coniecerunt.

33 2671 153 2740 Verum
187 2665 264 2736 mihi
285 2667 349 2732 iam
372 2659 506 2750 sufficit,
545 2683 767 2751 caeruleae
799 2663 974 2736 ‹lodrinam

33 2769 270 2864 Aegyptiorum
287 2762 469 2856 mysticam,
489 2759 532 2833 de
549 2785 613 2856 qua
633 2762 686 2832 hic
702 2767 842 2854 agimus,
865 2765 974 2836 adser·
1034 2845 1035 2850 η

33 2896 84 2958 re,
109 2888 247 2958 eamque
260 2865 424 2956 explicare
438 2855 531 2935 velle'.
580 2865 661 2932 Vter
675 2885 756 2934 vero
772 2865 924 2948 nostrum,
936 2868 975 2936 ira
1099 2891 1106 2908 ¹
1131 2865 1138 2888 “

32 2971 249 3064 explicatione
264 2965 364 3050 illini,
387 2971 456 3038 rem
470 2986 531 3034 acu
544 2965 703 3054 tetigerit,
724 2963 880 3036 iudicium
903 2964 972 3036 esto

32 3095 129 3164 penes
150 3068 365 3160 eruditum&
387 3064 561 3135 candidum
590 3066 753 3137 letiorem.
804 3069 846 3136 Ea
870 3083 988 3152 certe‚·

32 3195 114 3265 quae
127 3169 214 3264 apud
228 3191 277 3236 ea
287 3187 454 3238 petuam
468 3165 664 3256 praecedere
678 3166 845 3248 videmus,
868 3189 971 3261 quae-

32 3297 96 3366 que
120 3293 180 3342 nos
204 3268 328 3339 idcirco
352 3265 559 3336 describenda
587 3266 874 3357 elle'putauimus,
898 3267 970 3338 talie

32 3376 121 3455 sunt,
148 3391 187 3443 vr
201 3389 276 3440 eum
293 3368 333 3437 ad
349 3365 535 3438 sententiam
551 3365 688 3436 nostram
707 3369 858 3438 inclinare
875 3387 909 3438 et
923 3365 970 3438 di·
993 3450 999 3456 ‚
1043 3375 1048 3386 '

30 3473 134 3566 rigere
167 3471 328 3555 debuisse,
359 3469 541 3538 videantur.
618 3468 784 3538 Possumus
805 3470 901 3539 etiam
924 3471 970 3540 V.

31 3577 109 3644 dum
124 3575 158 3644 in
173 3572 222 3643 his
237 3569 410 3650 versamur,
421 3569 461 3637 ad
477 3565 661 3646 firmandam
678 3571 891 3639 consederam
907 3589 969 3638 no-

32 3674 154 3765 slram,
173 3693 207 3744 et
227 3673 317 3742 aliam
335 3657 476 3738 'fabulam
497 3669 743 3738 sacerdotalem¹
759 3665 904 3751 adferre,
932 3667 987 3739 er'

30 3775 105 3845 huic
122 3796 165 3844 ex
179 3775 229 3846 ille
244 3774 351 3844 lucem
369 3789 433 3838 non
449 3770 678 3862 poenitendam
693 3772 875 3843 conciliare.
906 3769 967 3838 Fa·

31 3875 136 3946 bolam
161 3893 455 3961 euvrartcravs,
480 3865 519 3938 de
542 3865 619 3962 lstde
639 3887 670 3937 er
691 3865 824 3964 Ofiride,
855 3896 889 3965 p.
904 3883 966 3986 3r8.

857 4011 862 4020 ·
923 3993 960 4040 aa
