2478 4312
113 229 116 234 ·
247 223 325 290 ao,
354 255 398 286 .,
552 199 703 276 mann
747 154 949 281 αιίιιι

244 375 355 449 «mols
376 377 420 448 ita
443 373 603 474 potspe'ili
626 395 664 448 et
682 379 714 447 in
735 383 914 449 numeinto·
929 375 1022 470 sunt,
1062 378 1215 473 explicare

152 537 158 552 ,
253 498 402 572 oportet.
452 479 619 554 Possumus
642 499 748 550 tamen
766 481 945 558 locutionis
970 479 1094 563 huius,
1110 486 1214 576 Aegy·

256 581 332 673 ptiis
345 580 429 651 adeo
448 578 607 650 familiaris
622 601 657 650 et
669 581 783 667 tritae,
807 581 967 651 rationem
981 583 1213 678 troaimproba-

244 681 357 752 bilem
388 682 500 752 1011011
521 678 694 753 offerre
714 683 771 753 Sol
793 692 913 772 nempe
922 680 1007 752 solis
1027 680 1115 758 filius
1135 685 1213 756 recle

251 783 320 853 dini
343 783 473 878 potuit,
490 784 656 875 quonism
666 780 730 896 fibi
749 783 808 878 ipfi
821 799 921 888 pater
936 785 977 879 ιβ
997 803 1028 854 ιι
1037 784 1156 880 filius,
1182 805 1213 854 at

101 881 105 886 ’
251 857 472 977 loquebantur
487 905 617 954 veteres
632 877 764 972 my'stici.
776 885 808 972 §.
824 909 848 971 3.
857 903 952 981 poter
972 905 1134 980 nempe,
1140 889 1213 957 dun

249 983 683 1058 circaSolstitiunraestiuum
699 986 870 1078 quoddam
885 991 997 1058 aetatis
1012 989 1115 1058 virilia
1131 1011 1216 1060 corn·

213 1169 215 1173 ,
249 1087 377 1180 pletum
390 1085 494 1156 robur
506 1087 645 1179 adeptus
660 1087 728 1174 est,
749 1107 785 1158 et
798 1088 957 1158 virmtem
972 1111 1114 1183 quoque
1128 1090 1214 1184 geni-

141 1179 147 1192 ’
243 1189 346 1260 talem
365 1189 538 1279 multiplici
552 1189 677 1258 ratione
691 1189 813 1260 exerit:
831 1187 933 1281 filins
945 1213 1047 1274 vero,
1080 1189 1211 1284 quando

245 1287 544 1381 temporeSolstitii
557 1289 711 1382 hyberni,
732 1293 1036 1373 renouatusveluti,
1057 1295 1110 1362 vti
1123 1313 1214 1363 vere·

244 1413 297 1462 res
321 1392 441 1492 pariter
461 1390 553 1480 loqui
575 1411 698 1472 amant,
728 1393 871 1472 vitiunr,
900 1391 1121 1485 aetatisque
1110 1416 1214 1464 ιιιιιι-

222 1511 352 1588 Ιιιιιιιιι
368 1513 427 1584 ρει
440 1487 556 1586 gradus
573 1493 726 1584 paulatim
749 1490 957 1568 nanciscitur.
998 1493 1113 1588 Quod
1133 1517 1212 1566 vero

121 1659 131 1670 ,
244 1595 435 1665 sorbonae
461 1593 518 1662 uel
535 1593 623 1663 isidis
647 1591 863 1686 reputiretur
872 1595 976 1685 filim,
1013 1598 1147 1666 ratione
1165 1593 1212 1664 sua

246 1697 345 1764 etiam
360 1715 427 1776 non
442 1713 542 1767 caret.
593 1697 721 1764 Etenim
737 1698 847 1776 Luna,
872 1701 969 1768 nntlu
991 1697 1159 1767 mundum
1175 1697 1212 1766 il·

246 1797 421 1884 luminans,
452 1794 623 1887 praecedit
644 1793 715 1864 solit
737 1817 869 1879 onum,
899 1797 1023 1889 hicque
1047 1797 1121 1882 illa,
1147 1819 1211 1867 non

244 1896 450 1988 licusatque
463 1917 583 1991 matre,
608 1895 654 1970 est
668 1895 840 1989 posterior.
889 1900 966 1970 Dici
980 1899 1127 1970 tanede
1150 1903 1211 1970 Lu·

243 2021 281 2068 na
300 1999 425 2091 potest,
448 1997 541 2092 quod
557 2001 601 2067 de
614 2001 708 2068 nolle
724 1995 926 2078 sermonibus
940 1999 1084 2093 usurpari
1100 1999 1210 2071 obscr-

135 2088 139 2100 ’
240 2121 295 2170 uat
320 2119 585 2171 cvsrannrva
609 2099 642 2168 in
665 2099 752 2170 iliad.
776 2114 1005 2228 1113449
1027 2100 1092 2175 Ed.
1114 2105 1208 2172 Rom

188 2229 196 2238 ·
238 2198 380 2284 Νυκτις
382 2228 434 2276 oin
449 2195 510 2291 aa)
525 2197 643 2305 μητρὸς
657 2201 882 2295 ointynotiroa
895 2191 991 2291 ἥλιις.
1046 2203 1099 2272 Ex
1111 2205 1207 2290 nocie,

239 2323 292 2371 ctu
313 2321 415 2371 matre
435 2299 597 2406 qondam,
619 2301 675 2370 Sol
688 2301 896 2396 progignitur.
954 2302 1143 2374 Confirmat
1163 2327 1205 2386 ea,

104 2385 117 2494 ,¹
239 2406 689 2504 quaedixirnacnoarvs,
714 2401 1111 2475 vardecamirensraoe
1105 2405 1204 2477 Rho.
1230 2373 1231 2450 l

239 2505 300 2570 iliis
322 2518 433 2579 narrat
446 2499 574 2574 ἒιιιιιιι
598 2503 669 2572 Lib.
690 2507 716 2575 1.
735 2505 891 2576 οζ111111.
923 2502 1114 2622 Apollini
1098 2527 1206 2575 mano·

123 2595 148 2611 ’
238 2604 346 2674 lane’
320 2633 498 2708 myetmrn
481 2601 603 2698 qood
607 2604 730 2698 semper
744 2608 884 2676 anonim
891 2583 1047 2701 gignitur,
1062 2607 1206 2704 quodque

214 2795 221 2804 ι
238 2708 299 2808 ipse
307 2722 438 2800 generat
451 2683 622 2798 uniuersa
609 2704 844 2799 inseminando
864 2711 962 2803 Quae
980 2729 1071 2779 certe
1092 2709 1206 2780 mirifi-

161 2878 164 2888 ,
239 2831 331 2888 cam,
355 2806 518 2878 doetrinae
532 2809 774 2902 Aegyptiorum
784 2809 832 2878 de
855 2813 971 2892 Horo,
992 2807 1101 2879 lucem
1126 2835 1206 2882 con·

239 2911 356 2982 ciliant.
432 2909 631 2992 Quomodo
640 2921 749 2980 autem
776 2913 900 2980 Horut
910 2909 963 2978 vel
985 2911 1040 2980 Sol
1061 2913 1206 3004 'Pypbo-

233 3027 316 3079 nem
339 3009 473 3081 vincere
497 3011 643 3104 dicatur,
683 3011 717 3080 id
746 3009 930 3104 expositum
954 3008 1055 3101 supra
1073 3013 1205 3111 vitlebia

25 3147 28 3158 ·
89 3146 128 3163 ..
239 3113 311 3200 §5-
368 3115 452 3182 nam
469 3109 525 3180 ets
541 3111 606 3182 illac
623 3115 760 3182 Horum
778 3121 845 3180 ιιοιι
871 3109 971 3181 solem
981 3161 995 3203 ,
1016 3133 1134 3184 verum
1152 3121 1231 3186 at·

238 3237 308 3284 rem
328 3214 533 3304 interpretati
554 3211 730 3330 fuerimus,
753 3235 838 3305 quae
862 3233 970 3282 tamen
992 3214 1038 3287 ibi
1064 3217 1108 3286 de
1130 3223 1203 3286 aire

160 3393 169 3408 ,
222 3315 402 3395 uiximus,
425 3311 522 3383 Horo
536 3335 651 3396 ettam
675 3315 808 3405 quando
824 3335 860 3383 vt
874 3316 961 3384 Sola
983 3315 1079 3385 nobit
1099 3315 1203 3387 confi·

190 3427 193 3436 '
239 3416 392 3503 dotatur,
413 3416 543 3509 egregie
558 3417 770 3496 conueniunt
819 3417 904 3485 Nam
919 3416 977 3486 illa
985 3417 1065 3486 a'e'ris
1078 3437 1231 3488 etven

239 3537 352 3586 torum
371 3513 515 3586 benefica
534 3537 635 3608 atque
649 3513 777 3586 salubris
790 3515 980 3605 temperies,
1002 3519 1094 3602 cuins
1117 3519 1197 3606 sym·
1230 3509 1231 3638 1

236 3607 353 3690 bolum
368 3616 431 3686 else
445 3616 632 3687 dicebamus
651 3620 804 3706 Horum,
822 3637 894 3686 tum
908 3614 1043 3694 sentitur
1056 3641 1094 3688 ac
1107 3641 1231 3712 prae·

237 3720 352 3800 volet,
397 3738 472 3787 curn
498 3715 619 3788 throno
641 3720 727 3787 iloni
748 3717 858 3788 leones
881 3713 1115 3802 subiiciubtur,
1137 3716 1199 3789 nel
1230 3755 1231 3832 1

237 3841 315 3890 curn
330 3799 385 3890 Sol
401 3814 575 3888 altissimam
590 3819 677 3888 coeli
691 3819 870 3911 regionem
891 3819 1034 3892 incursu
1049 3819 1106 3891 sun
1120 3841 1200 3890 con·
1230 3865 1231 3884 ι

238 3923 325 4014 tigit.
372 3919 428 3994 Ab
444 3940 486 3990 eo
501 3939 668 4016 tempore,
696 3919 871 4017 ventorum
886 3922 1084 3995 nociuorum
1097 3921 1200 3992 rabies
1230 3913 1231 3994 j

1103 4023 1198 4096 aeos·
1230 4027 1231 4106 l
