2524 4284
299 167 688 261 ‚cnttoovs¹
802 125 806 132 ’
920 185 1019 264 ,4,,,

33 345 144 422 lilim
166 341 344 424 haberetur.
396 343 459 418 Sed
476 343 623 418 debuine
640 369 758 450 quoqne
779 343 917 442 Monstri
929 285 988 416 μ’
1073 355 1077 376 ·
1162 328 1165 358 ¹

36 475 122 534 rare,
133 447 308 520 cuiusmodi
323 453 477 546 originem
489 449 638 530 tradant,
657 445 826 541 abfitrdum
841 471 900 518 mn
915 443 982 524 erit
1133 475 1135 482 ·

30 559 142 655 pancir
154 573 311 651 exponere.
360 556 478 640 Ferunt
495 549 666 652 aliquando
680 547 848 622 Chaldaeos
862 557 982 648 tgnem,

35 661 136 733 Deum
148 648 267 746 suum,
297 654 560 751 circumferentes,
586 677 655 724 cum
687 659 824 724 onmium
846 655 983 738 Prouin-

36 766 159 828 et'nrum
183 753 249 825 diis
271 751 405 849 habutffe
430 755 619 847 constillum,
641 779 701 854 pua
709 749 831 847 scilieet
843 748 982 846 stoinfi

28 854 96 954 set,
110 857 230 951 licutffl
246 859 329 926 Dent
345 853 383 928 al
398 853 537 928 carrtiins
552 853 745 930 crederetur.
767 892 872 912 --—
895 858 983 948 liare

36 985 108 1032 cum
122 959 250 1053 audtffte
267 954 559 1056 Canoltpacerdor,
585 956 730 1038 callidum
750 955 905 1059 quiddam
927 983 982 1028 tx·

35 1067 199 1157 cogitauit.
252 1059 399 1156 Hydriae
411 1057 493 1150 fieri
506 1057 610 1154 salem
631 1067 668 1130 in
688 1064 824 1156 Aegypti
832 1055 983 1154 partibus

28 1161 162 1255 fidiler,
188 1161 325 1262 vndiqne
344 1158 462 1233 crebris
476 1180 509 1231 et
521 1169 654 1234 ntinmis
668 1160 833 1232 admodum
839 1163 984 1259 strami-

37 1260 130 1336 nilnt
139 1265 279 1357 patulae,
302 1260 413 1365 quibus
434 1259 565 1334 turbida
577 1288 661 1364 aqna
675 1255 839 1354 deſsadins,
863 1259 985 1358 defece·
1108 1303 1112 1318 ,

35 1375 107 1438 tior
126 1389 162 1435 ac
180 1374 297 1459 purior
310 1363 476 1439 redditur.
527 1369 655 1438 Harum
676 1368 727 1442 ille
739 1389 835 1436 emim
850 1366 985 1462 cerast-

36 1463 217 1542 raminihut
232 1463 413 1551 obturatis,
444 1461 573 1562 deſstper
595 1473 691 1538 etiam
713 1474 821 1540 variis
834 1463 984 1541 calatin

27 1567 174 1666 pillum,
200 1593 283 1670 aqua
306 1569 455 1668 repletam
471 1567 591 1661 duritie
620 1576 657 1639 in
678 1571 790 1642 Deum,
839 1569 880 1641 Et
900 1575 983 1639 treci·

23 1667 110 1767 stem
129 1679 245 1740 veteris
264 1669 462 1763 fimulatbri,
485 1671 570 1772 quad
595 1671 734 1740 Menelai
755 1665 984 1742 Gubernatoris

24 1769 223 1874 serebatur,
248 1791 340 1866 caput
362 1767 490 1872 desuper
506 1776 640 1867 positum
660 1771 831 1868 diligemet
845 1779 983 1864 aptarit.

34 1869 162 1968 Adsum
177 1873 320 1974 posthaec
339 1871 511 1948 Chaldaei:
534 1882 605 1946 itur
624 1881 662 1944 in
680 1872 872 1964 construam.-
895 1881 984 1945 tircae
1049 1889 1054 1901 '
1117 1891 1136 1942 .’·

35 1973 193 2062 hydriam
221 1983 309 2074 ignit
330 1975 536 2048 accenditur:
561 1999 717 2074 ceraque
729 1977 984 2072 jnranrinnfite·
1115 2033 1117 2041 .

33 2075 303 2164 rant‘ebtttratm
329 2075 520 2170 reſjtluitnr:
534 2075 673 2170 stadantt
693 2076 997 2174 hydriuignisexr
1052 2165 1059 2178 .

34 2185 212 2274 tinguitur.
263 2177 440 2252 Sacerdotis
451 2179 574 2276 fraude
600 2184 739 2272 Canopus
762 2179 986 2250 Chaldaeorum

34 2281 145 2355 viiia
166 2278 345 2373 nstertditur.
399 2279 488 2351 Vnde
502 2281 623 2452 p'pfitm'
632 2285 748 2380 Canopi
759 2278 986 2374 fimulacirum

28 2377 170 2481 pedibus
182 2389 390 2480 perexiguis,
413 2401 502 2452 aetra
534 2410 551 2454 a
571 2385 658 2470 eodo,
682 2402 713 2453 et
728 2377 987 2482 qnaſsfitgilatt,

31 2490 152 2560 ventre
173 2485 303 2570 tumida,
328 2491 365 2553 itt
385 2483 508 2556 medum
521 2484 667 2575 hydriae,
686 2509 753 2554 cum
763 2481 855 2576 darfir
872 2509 987 2586 aequa-

32 2591 119 2660 liter
145 2594 242 2656 tereti
261 2589 444 2682 formetur.
518 2590 568 2658 Ex
593 2585 652 2656 hae
675 2580 875 2682 persuasione
900 2589 985 2658 veltet
1131 2643 1137 2665 .

30 2693 129 2762 Deus
165 2688 267 2758 nt'iler
306 2693 443 2766 omnium
481 2687 646 2762 colebatur.
698 2687 817 2758 Nullus
858 2687 987 2770 dubito,

31 2811 275 2865 aeternvm
306 2788 390 2860 haec
414 2789 592 2862 desumstlle
615 2790 848 2880 exscriptore
874 2790 985 2884 aliquo
1012 2819 1018 2834 ·

29 2913 182 2982 graeco,
209 2891 327 2981 pariter
350 2889 542 2975 Christiano,
568 2889 622 2960 sed
643 2891 769 2960 dudum
795 2890 984 2986 deperdito.

7 2989 153 3092 ,Verba
169 2991 251 3060 illius
275 2995 471 3084 graecaffti
493 2991 607 3073 credo,
634 2989 774 3062 seruauit
788 2993 881 3060 nobis
905 3013 986 3062 svr-

29 3115 138 3179 nns,
162 3091 195 3162 in
217 3115 302 3160 voce
327 3090 510 3178 Koiranos,
536 3091 591 3164 sed
612 3115 716 3184 quae,
742 3093 896 3184 quoniam
915 3088 988 3162 sunt

26 3192 182 3292 prolixa,
200 3212 244 3262 et
269 3215 344 3264 cum
364 3193 571 3278 Ruffinianis,
598 3193 737 3266 verbulo
760 3214 826 3260 vno
842 3193 988 3262 altetoue
1047 3217 1057 3280 ᾗ

28 3313 199 3385 excepto,
222 3317 284 3385 per
297 3297 403 3366 omnia
419 3293 636 3376 consentiunt,
658 3293 749 3388 apud¹
761 3289 864 3384 ipsum
878 3295 988 3362 anilo·
1037 3337 1042 3348 -
1063 3302 1070 3334 ‘

26 3419 111 3468 rem
127 3396 191 3490 legi
207 3397 302 3466 malo.
353 3399 426 3468 Hac
439 3399 538 3491 igitur
552 3395 739 3474 occasione,
762 3393 784 3462 fi
805 3391 989 3478 Ruffinum,
1013 3411 1016 3426 ·

26 3495 222 3589 fimiiesque
245 3499 440 3588 Scriptores,
467 3502 500 3568 in
525 3495 614 3588 cansa
635 3495 698 3566 hac
723 3495 904 3568 audiendos
925 3495 997 3594 elle,

24 3595 225 3681 censemus,
257 3595 396 3668 Canobtu
423 3603 612 3694 Spartanus,
638 3600 723 3666 inter
744 3597 988 3688 Aegyptiorum

23 3703 148 3780 Deos,
172 3699 282 3769 locum
307 3701 442 3777 inuenit.
494 3697 784 3790 Vtrumjmpense
804 3699 914 3775 miror,
936 3696 994 3799 νὶ·μ

22 3801 74 3872 ris
109 3799 263 3894 erudiris,
290 3801 349 3896 qui
379 3799 503 3871 fabulae
525 3801 590 3882 tali,
614 3821 707 3872 tures
731 3799 864 3869 nimium
880 3793 990 3866 faciles

21 3901 281 3998 praebuerunt,
307 3902 494 3976 facilitatem
519 3905 603 3974 illiue
627 3923 695 3972 non
717 3901 877 3970 continuo
894 3895 990 3964 lubo-
1133 3921 1143 3942 ·

888 3995 999 4069 luillee
