2570 4286
98 129 137 264 ¹.
201 251 208 264 .
240 172 454 278 numia,
479 127 808 272 maucvntva.
930 163 990 298 [29

42 367 113 440 cile
153 363 238 438 uiuis
259 363 552 456 nutassequrur,
572 383 633 434 cur
649 361 787 452 Anubis,
816 359 993 437 inriiuulsrir

42 388 182 542 ofirihs
195 489 232 535 ac
248 463 335 536 mdis
351 485 479 553 comer,
498 485 533 534 et
547 467 715 556 utriusque
728 463 834 536 custos
849 465 1010 556 perhibi·

40 565 220 640 nument.
245 565 279 660 §r
293 589 320 650 7.
369 569 448 635 Non
471 567 549 636 citra
572 566 727 636 rationem
749 566 912 655 fingebant
926 572 993 638 Ae·
1160 650 1161 656 ἵ

41 668 234 764 gyptiorum
250 664 455 747 Sacerdotes,
474 668 584 736 Deum
601 658 692 737 suum
705 661 897 752 Anubidem,
917 671 992 760 p'er-
1076 748 1078 752 v

44 789 187 864 petuum
202 767 264 840 esse
278 763 424 860 Osiridis,
443 767 476 834 id
491 765 534 838 est
547 767 641 850 Solis,
660 791 698 836 ac
715 767 820 862 istriis,
848 771 914 840 srue
928 776 992 840 Lu·

45 871 290 939 nuecomitem.
340 873 424 938 Nam
447 868 556 958 Solem
578 866 713 960 eiusque
735 891 770 940 et
793 891 929 956 motum,
954 887 992 942 et
1046 907 1049 920 ·

45 975 84 1040 in
109 969 178 1037 hoc
198 965 307 1038 nostro
333 967 465 1038 Mundo
487 969 708 1060 operationes,
735 972 876 1061 cogitare
893 991 992 1039 nemo

42 1068 179 1166 potest,
214 1069 293 1162 quin
315 1065 458 1136 eiusdem
480 1068 599 1159 pariter
613 1087 648 1139 et
669 1089 778 1142 ortum
792 1092 826 1140 et
840 1068 991 1143 occasum

44 1169 152 1240 menti
177 1167 248 1238 suae
267 1167 492 1266 repraesentet.
542 1171 590 1236 Hi
610 1171 651 1238 ab
673 1169 742 1262 ipso
759 1173 834 1244 sote
855 1171 992 1264 separari

42 1271 140 1340 ntssiu
156 1271 257 1338 modo
271 1269 417 1360 possunt,
441 1267 490 1337 vti
505 1289 566 1338 nec
582 1270 686 1340 minus
702 1272 838 1342 circusus
851 1273 901 1342 iiie
919 1270 994 1342 fini·
1144 1287 1151 1298 ’

43 1393 127 1455 tor,
160 1393 260 1462 quem
281 1371 627 1464 Horizorrrem3vocant
642 1375 658 1454 ‚'
693 1393 791 1464 quem
813 1374 868 1440 Sol
885 1378 993 1466 oriens
1016 1363 1018 1370 ¹

42 1473 158 1566 primo
176 1472 324 1563 attingit,
358 1493 525 1564 quemque
547 1472 702 1542 occidens
715 1473 925 1566 derelinquit,
958 1479 994 1548 et

42 1578 132 1644 intra
147 1594 246 1666 quem
266 1573 472 1663 operationes
493 1573 562 1653 eius
584 1574 616 1640 in
638 1571 747 1642 nostro
762 1573 995 1664 hemisphaerio

42 1667 227 1746 subsistunt.
264 1675 349 1756 Nec
363 1674 461 1741 etiam
477 1673 560 1742 tatio
576 1674 728 1766 cuiquam
745 1673 849 1765 potest
859 1674 996 1760 ¹esseoh·

43 1774 159 1856 scuta,
182 1795 242 1846 cur
254 1770 372 1844 Anubis
386 1774 458 1857 iile,
484 1774 662 1842 Nominum
679 1774 883 1858 eorumdem,
903 1779 996 1851 Solia

43 1877 173 1947 scilicet
184 1895 218 1945 et
231 1876 341 1946 Lunae
354 1871 565 1944 custosmtue
581 1874 797 1966 perhibeatur.
813 1875 833 1972 §
851 1900 877 1957 7.
908 1879 996 1950 Nam

44 1976 193 2046 circulus
209 1973 339 2059 finitor,
363 1997 464 2066 quem
479 1975 511 2041 in
524 1974 707 2068 Theologia
722 1973 903 2064 symbolica,
910 1985 997 2058 Arru-

45 2073 154 2149 bidem
174 2077 359 2146 vocitabant
381 2071 599 2157 Sacerdotes„
617 2075 757 2145 custodis
775 2077 894 2159 instar,
931 2076 996 2150 sne
1081 2095 1086 2106 '

46 2179 218 2265 ianitoris,
238 2177 304 2247 Soli
319 2178 436 2246 orienti
451 2165 718 2267 hemisphaerium
732 2173 877 2270 superius
891 2178 996 2252 veluti

45 2275 212 2366 re‘cludit,
244 2297 384 2376 eumque
406 2278 438 2346 in
460 2272 526 2347 hoc
547 2277 759 2367 intromittit,
789 2279 997 2368 occidentem

45 2379 139 2449 v'eto
152 2378 311 2469 eundem,
334 2401 377 2449 ex
393 2378 458 2447 hoc
474 2373 600 2460 nostro,
621 2379 655 2445 in
670 2375 936 2472 hemisphaerium
950 2381 998 2448 in·

47 2479 155 2552 setius
169 2477 313 2548 dimittit.
368 2475 452 2569 liluld
475 2500 557 2546 veto
580 2475 775 2548 difficultatis
798 2477 874 2548 nihil
889 2480 997 2566 habet.

47 2577 150 2675 qood
171 2578 338 2652 Anubidem
352 2569 526 2671 Aegyptii,
556 2593 621 2670 non
645 2577 763 2650 Ofiridi
788 2581 911 2663 modo,
940 2603 998 2652 ve·
1066 2640 1068 2651 .
1103 2620 1110 2634 ι

47 2703 129 2755 rum
144 2700 178 2750 et
191 2680 281 2770 liudi,
305 2675 460 2750 assiduum
475 2679 659 2749 addiderint
680 2685 843 2754 comitem.
891 2681 999 2752 Disci-
1175 2691 1207 2778 Ἰ

49 2804 130 2854 mus
144 2797 267 2852 tantum
286 2799 329 2851 ex
345 2805 404 2869 eo,
420 2783 551 2850 Numen
566 2777 632 2850 huc
646 2783 834 2872 Aegyptiis,
857 2788 923 2851 non
944 2785 999 2854 So·
1120 2817 1122 2820 ·

50 2886 256 2965 sistrorum
280 2881 334 2954 sed
350 2885 457 2952 Lurur·
470 2881 576 2964 etiam,
595 2888 667 2950 ‘tum
681 2903 805 2963 ortum,
818 2901 888 2952 tum
905 2899 999 2954 occa·
1042 2935 1048 2956 .

51 2984 128 3055 sum
146 2979 321 3071 symbolice
336 2975 542 3054 adumbrasse.
593 2983 685 3076 Quin
699 2981 766 3050 imo
781 2983 850 3052 mis
865 2981 1000 3068 constat,
1104 3059 1106 3066 ¹

51 3089 90 3156 in
107 3086 212 3178 gentis
232 3083 327 3154 huius
341 3081 526 3174 Theologia
546 3097 581 3152 et
600 3082 718 3164 Sacris,
738 3083 777 3152 ab
794 3079 888 3178 istrie,
912 3089 1002 3154 Anu.

52 3181 162 3258 bidem
176 3179 335 3256 diuulsum
350 3197 512 3276 uunquam
534 3177 643 3260 fuisse,
666 3179 889 3276 usqueadeo,
919 3207 957 3254 vt
981 3169 1019 3222 '⁸

52 3283 273 3374 Mercurium,
296 3279 582 3366 fiuennubiden,
614 3285 648 3350 r‘rr
668 3276 922 3380 surrupustrurrr‚
939 3306 1003 3356 m
1065 3341 1069 3350 .
1128 3313 1143 3328 ‘
1246 3319 1253 3342 ·

55 3407 132 3458 cum
147 3388 200 3456 r'Hu
214 3387 420 3481 circumferri,
445 3381 616 3477 fingerent.
1146 3414 1149 3425 ·

141 3487 179 3584 §.⁴
201 3509 251 3574 ¹4·
306 3489 375 3585 Qui
394 3509 451 3568 ea,
481 3505 564 3577 quae
585 3483 737 3558 hissenus
758 3485 1010 3588 obsemauimru‚
1038 3467 1209 3563 ’ΜΨ

59 3609 186 3660 attenta
204 3587 431 3659 aestimatione·
444 3583 667 3678 pensrrauerit,
706 3591 761 3658 ivr
780 3587 864 3658 haud
878 3611 1010 3682 grauate
1029 3577 1155 3660 ''W''

61 3687 167 3772 mihi,
189 3689 309 3775 medo,
334 3690 503 3782 largiatur.
524 3681 701 3757 donnum
718 3687 801 3758 hanc
823 3692 1008 3784 Aegyptio·
1027 3661 1177 3794 ἔξω

61 3807 139 3860 rum
154 3785 381 3886 symbolicam,
403 3787 444 3858 de
458 3783 654 3872 Arubium
668 3807 899 3866 murriano
920 3809 1007 3886 quo-
1078 3779 1089 3800 ⁰

448 3917 450 3920 ·
698 3926 701 3934 ·
938 3911 1007 3984 que

62 4002 379 4095 ‘sttvrnncuvr
398 3993 435 4066 rie
449 3995 520 4070 mue
538 4020 566 4088 p.
581 4002 643 4086 367.
