2536 4286
91 241 95 246 .
212 126 851 278 nyna'stns,s1'vau1n‘ua.1
945 145 1010 276 ,π

54 365 146 436 otnnia
173 384 237 432 non
263 361 475 436 mediocriter
501 362 639 435 inter‘se
660 347 861 460 conspirant,
885 360 986 460 seque

54 485 160 535 mutuo
174 486 208 535 et
225 463 401 550 illustrant,
422 484 458 534 et
478 463 677 562 confirmant.
728 459 887 538 Traditur
906 489 985 562 pos.

53 591 85 637 ro
103 587 169 634 mos
190 567 260 652 ille,
284 589 350 636 non
374 563 478 634 modo
497 567 530 634 in
554 567 636 636 vrbe
657 568 802 659 Ilithyiae
821 571 983 662 uiguisse,
1050 609 1053 617 =
1121 575 1150 606 '·
1180 593 1185 607 «

53 690 142 762 quam
155 665 195 735 ab
213 665 372 764 Arabihus
387 657 560 758 Aegyptiis
580 666 751 740 habitatam
773 667 863 745 fuisse
877 691 984 764 augu-
1075 664 1096 675 ’“
1140 715 1143 726 ,

52 791 116 851 ror,
139 790 255 838 verum
285 787 321 836 et
348 765 520 860 Helitpoli,
544 789 649 860 quae,
671 787 710 840 vt
733 767 850 840 diserte
873 769 1001 842 scribit

55 889 213 942 tutunus
234 870 303 968 Lib.
318 871 422 937 Vl.c.
441 886 488 958 29.
532 866 667 938 Arabas
680 867 850 940 conditores
865 871 986 954 hahuit,
1130 868 1135 882 '
1189 955 1207 980 ι

53 991 159 1064 nempe
173 968 314 1042 Poliones
329 969 414 1054 ilios,
439 969 615 1061 dequibus
632 971 793 1056 diximus,
807 975 866 1065 qui
880 977 913 1042 in
929 996 986 1042 vt·
1078 1037 1092 1050 ,.

56 1074 120 1142 hem
142 1091 254 1141 recens
270 1069 453 1154 conditam,
472 1073 571 1140 ritu'm
594 1069 682 1144 hunc
695 1075 785 1164 genti
805 1075 877 1144 luae
892 1073 987 1144 fami·

55 1173 174 1263 harem,
199 1171 476 1245 introducendum
503 1193 641 1266 quoque
665 1161 866 1246 censuetunt.
890 1183 893 1192 '
916 1180 987 1245 Ac·
1125 1163 1135 1244 ‘,
1179 1253 1181 1264 ¹

54 1267 133 1342 cedit
151 1274 191 1340 ad
212 1271 311 1362 haec,
334 1271 426 1362 quod
447 1269 567 1368 Amasis
583 1275 727 1366 Aegypti
741 1297 820 1354 rex,
840 1279 998 1352 atrocems

54 1375 125 1442 ilhm
140 1372 406 1444 consuetudinem
424 1371 620 1457 aboleatur,
644 1373 680 1442 id
692 1375 778 1445 enim
791 1397 833 1445 ex
849 1398 939 1447 matu
949 1397 987 1446 ε.

54 1495 189 1544 nunu!
215 1474 430 1545 intelleximus
455 1471 487 1567 d.
502 1483 535 1567 γ’.ι
579 1475 647 1546 Hic
670 1497 749 1544 vero
770 1473 814 1544 est
836 1477 986 1571 ipse'ille
1064 1499 1067 1511 ’

56 1597 122 1656 tex,
147 1579 164 1644 f
189 1575 247 1672 qui
265 1567 456 1666 Heliopolim
477 1597 494 1645 a
515 1573 692 1644 pastoribus
714 1575 873 1667 Arahibus
891 1599 987 1646 recu·
1131 1623 1139 1640 .

57 1679 191 1766 perunit,
216 1672 339 1776 eosque
361 1673 401 1744 ad
424 1677 570 1772 Aegypti
593 1695 756 1760 extrema,
780 1677 889 1748 versus
905 1678 986 1747 Ara·

55 1775 127 1846 biam
143 1797 177 1846 et
192 1773 397 1847 Phoenicium
410 1775 441 1846 se
453 1777 600 1868 recipere
616 1778 738 1868 co'e'git.
788 1779 911 1850 Mirum
928 1779 987 1872 igi-

56 1897 102 1946 tur
121 1899 186 1945 non
204 1875 272 1958 est,
292 1875 383 1968 quod
408 1875 504 1968 putus
526 1875 697 1968 Heliopoli
716 1879 895 1962 Ambibus,
922 1883 988 1950 Vr·
1100 1897 1103 1918 ·
1138 1887 1141 1894 “

56 1977 121 2048 hem
144 2002 161 2052 a
187 1978 288 2050 Sacris
308 1977 410 2070 vsque
430 1976 512 2050 adeo
536 1975 672 2052 barbaris
695 1982 892 2073 purgauerit,
941 1981 988 2050 Ita

57 2081 153 2148 omnia
169 2075 284 2169 sponte
299 2097 515 2168 concurrunt,
537 2078 576 2148 ad
592 2101 640 2174 ea,
665 2099 749 2174 quae
763 2103 851 2153 nune
866 2077 988 2151 adstru·
1085 2129 1088 2138 ·

55 2180 87 2250 xi
96 2228 108 2270 ‚
124 2177 371 2250 corroboranda.

127 2280 156 2367 ξ.
184 2303 217 2370 9.
266 2281 447 2350 Redeamus
463 2299 548 2354 nunc
563 2281 696 2351 tandem
710 2279 751 2352 ad
766 2271 865 2378 ipsaui
881 2281 993 2378 Aegy·

59 2381 194 2473 ptiorutn
223 2379 398 2472 Ilithyiam,
426 2379 491 2452 hue
519 2383 687 2464 Lucinam,
713 2407 730 2454 a
752 2404 815 2476 qua
844 2383 991 2454 nonnihil

57 2503 172 2550 eramus
200 2475 335 2574 digreffi.
386 2483 560 2554 Videamus
587 2505 690 2566 nunc,
716 2483 882 2577 qualenam
908 2477 989 2556 illud

1016 2451 1167 2531 Aegyptin-

1017 2555 1035 2596 r

1019 2279 1183 2366 Lucinmfi-

1019 2365 1183 2448 uehebaytts

1035 2546 1184 2614 mmm-

57 2581 191 2672 Ilithyt'et
209 2576 582 2674 Aegyptiacae'Numen
603 2585 714 2660 fuerit.
761 2583 800 2656 id
815 2587 989 2664 enim-nou
1016 2617 1184 2680 ΝΜ,

60 2687 169 2765 modo‚
194 2691 278 2778 quae
301 2683 344 2753 de
365 2683 490 2776 Rubelli
509 2681 601 2776 supra
623 2683 884 2778 obsetuauimus,
907 2708 989 2756 eon·
1017 2697 1097 2762 thns
1110 2711 1184 2782 pm-

59 2783 206 2866 finmahit3
228 2805 343 2856 verum
358 2805 392 2854 et
413 2789 482 2857 vI'ui
498 2785 591 2854 uobis
605 2787 667 2876 esse
680 2787 818 2880 poterit,
841 2787 880 2856 ad
902 2787 989 2858 inda-

58 2885 207 2972 gandum,
236 2887 438 2976 quitatione
453 2887 493 2956 ab
508 2883 584 2976 Ifide
604 2887 762 2968 distulerit
777 2885 934 2981 Bubastis,
957 2905 991 2957 et

54 3005 217 3074 quamnam
231 2985 264 3054 in
281 2983 361 3072 hac,
386 2990 491 3058 Lunae
504 2987 544 3056 ad
565 2987 702 3058 nostram
726 3007 841 3060 terram
864 2991 992 3058 relatio·

59 3107 125 3153 nem
139 3087 295 3180 Aegyptii
312 3084 476 3157 celebrare
497 3087 673 3161 volueriut.
722 3087 886 3182 Ilithyiam
908 3111 990 3162 vero

58 3183 181 3256 eandem
197 3185 261 3258 elie
274 3205 348 3256 cum
363 3185 504 3282 Robusti,
528 3188 676 3262 dubitare
698 3191 783 3262 nulla
805 3192 931 3259 tatione
953 3189 992 3259 Ii·

1018 2783 1153 2846 mutemi-

1018 2865 1077 2964 ὄρσε
1092 2880 1194 2963 “.'!'¹‘-
1208 2924 1212 2934 ,

1019 2963 1131 3016 rtatim
1139 2968 1186 3010 ttt·
1254 3021 1255 3024 Ἴ

1013 3029 1144 3118 stantum.
1183 3038 1185 3044 ’
1253 3035 1255 3042 ’

59 3305 115 3360 cet.
162 3285 278 3364 Graeci
299 3287 453 3382 ,Bubaylin
480 3289 730 3382 Aegyptiacam‚
752 3291 855 3360 modo
873 3286 993 3392 Ἄρτι.
1094 3333 1096 3351 t
1182 3281 1224 3304 ”

58 3411 121 3474 μιν,
144 3387 177 3457 id
203 3385 249 3458 est
269 3388 429 3472 Dianam,
455 3393 557 3458 modo
577 3406 662 3458 'vero
689 3393 787 3460 etiam
812 3389 992 3482 Ilithyiam,

59 3484 248 3580 interpretati
270 3483 352 3558 sunt.
402 3493 485 3560 Nam
507 3485 587 3560 haec
608 3489 676 3559 duo
698 3491 784 3561 idem
807 3491 992 3584 fignifica'nt.
1141 3501 1152 3524 ‘

58 3585 130 3656 Sane
151 3585 311 3677 Ilithyiam
326 3591 442 3663 Graeci
464 3589 624 3661 dixerunt
639 3593 799 3678 Dianam,
820 3593 845 3680 §.
863 3619 898 3680 4.
950 3597 993 3665 Et

58 3683 146 3758 iidem
160 3689 307 3796 Bubastia
323 3691 585 3783 Aegyptiorum,
614 3695 754 3762 utinm
775 3698 893 3790 pariter
909 3717 992 3762 nun·

59 3885 357 3962 *maninnmyn
382 3901 492 3966 Canon
508 3899 644 3968 Chronica
659 3925 688 3990 p.
703 3921 771 3984 ³¹ss
859 3813 993 3958 ‹iupm'
