2532 4294
258 233 280 286 a
370 233 398 254 ⁸⁹
450 211 459 222 '
504 265 507 276 .
559 153 926 301 unisonus-1,
972 193 1093 294 52..'·.

217 409 224 422 ‘
253 395 327 484 rur‘,
350 389 571 498 neque-stacio
587 397 738 486 exteriori
759 402 880 470 cortice
902 401 940 466 in
954 383 1133 468 medullam
1145 393 1238 470 inti·

153 558 158 570 .
254 501 561 598 mampernnnpit,
593 501 760 600 imaginari
777 493 833 570 fibi
855 523 1012 600 perquam
1035 492 1130 596 facile¹
1143 493 1233 600 pos-

190 597 208 659 i
253 599 311 688 fit,
334 596 494 700 populum
518 599 562 671 ob
587 627 697 671 rerum
721 595 904 675 diuinartun
923 595 1089 684 'scientiam
1128 600 1230 674 olim

223 787 229 799 ι
275 699 488 788 ercelebrem,
527 707 615 772 cuius
652 705 845 800 Sapientiam
875 691 1113 785 admirandam,
1144 721 1231 774 tota

222 811 234 882 ²,
250 727 414 888 l'etusias,
447 823 478 876 et
498 798 562 902 ipsa
578 799 658 874 adeo
682 807 713 874 S.
732 801 891 904 Scriptura
913 797 1093 900 praedicat,
1129 801 1229 874 nihil

234 929 270 982 ,c
293 895 382 982 luisse
401 899 460 974 nist
474 907 562 994 Deos
576 903 771 988 materiales,
800 901 951 987 visibiles,
972 921 1084 986 ,totam
1101 923 1228 978 rerum

249 930 508 1104 adpeslab'dinm
524 995 862 1094 nantim·‚gc0elos‚
892 1000 1055 1090 sarain,
1079 1000 1244 1093 Solem,'

158 1185 161 1201 Ι
250 1101 378 1180 Lunam
393 1131 429 1175 ac
446 1104 557 1192 nstra,
580 1105 696 1178 Nilum
713 1097 788 1176 deni
811 1132 852 1193 ue
869 1125 900 1177 et
921 1115 1130 1203 quaecunque
1145 1113 1224 1180 exi-

252 1207 422 1282 stimabant
448 1203 615 1280 fertilitatis
652 1228 754 1280 terrae
785 1133 857 1278 suae
885 1202 989 1276 causas
1035 1203 1224 1280 efficientes

251 1311 426 1410 proximas
475 1309 519 1380 Et
536 1329 621 1380 certe
636 1305 763 1378 fitertmt
777 1303 903 1407 semper
924 1325 954 1376 et
968 1303 1051 1380 olim
1074 1329 1105 1379 et
1122 1333 1223 1379 nunc

249 1411 309 1481 viri
334 1407 435 1508 longe
458 1403 691 1495 eruditissimi,
709 1411 763 1508 qui
787 1411 853 1482 hoc
877 1404 1001 1492 istun,
1042 1405 1133 1508 quod
1150 1405 1220 1481 fibi

19 1535 21 1544 ¹
130 1583 133 1596 ,
244 1517 390 1613 primurn
403 1505 631 1609 persuaserant,
653 1515 750 1582 etiam
764 1435 1029 1606 aliisadtlusiisa
1069 1517 1225 1584 tenentis

245 1608 338 1684 valde
363 1607 509 1711 speciosis
523 1607 748 1682 'demonstrate
778 1609 876 1681 armis
899 1606 978 1680 sinit.
1031 1617 1034 1628 '
1075 1631 1088 1680 t
1115 1613 1218 1692 enim

242 1709 459 1814 suspicionem
474 1711 591 1799 talem,
614 1717 651 1782 in
664 1733 797 1812 gentem
806 1713 850 1790 ab
863 1708 935 1810 ipfis
949 1706 1016 1782 sere
1032 1711 1221 1784 incunabuss

244 1815 285 1886 lis
305 1813 499 1914 perpolitam
509 1823 527 1902 ,⁹
549 1831 581 1885 et
602 1840 682 1912 quae
701 1807 906 1884 scientiarum
927 1817 1080 1883 omnium
1103 1831 1219 1888 mater

246 1913 391 2015 quodam
412 1913 471 1990 suo
493 1921 563 1987 iure
588 1910 650 1986 dici
672 1913 809 2016 potest,
851 1933 975 2014 praeter
1003 1937 1103 1986 omne
1134 1918 1215 1988 eius

242 2023 400 2110 rneritum
422 2013 552 2104 cadere,
589 2015 686 2089 Liber
706 2011 816 2101 hicc'e,
872 2035 906 2086 vt
928 2011 1047 2114 spero,
1096 2011 1217 2116 palam
1263 2053 1264 2056 ¹

246 2115 342 2194 saciet
385 2117 554 2220 praecipue
599 2121 767 2218 capili,
818 2135 850 2190 et
880 2111 922 2187 de
956 2111 1082 2210 eodem¹
1108 2122 1212 2216 argu2

247 2243 362 2294 mento
385 2226 482 2292 etiarn
505 2215 662 2320 quaedain
682 2213 866 2292 differemus
891 2223 925 2290 in
955 2216 1214 2318 Prolegomenis

243 2319 286 2394 de
300 2321 492 2422 Theologia
505 2329 711 2424 antiquorum
728 2325 976 2421 Aegpptionnn.
1005 2321 1101 2392 Liber
1113 2321 1215 2400 ,enim

161 2453 165 2461 ’
241 2427 337 2497 hicce
357 2420 464 2493 noller
479 2429 609 2522 'primus
624 2424 819 2494 Dodirinarn
843 2419 1039 2494 vetustorum
1062 2425 1212 2524 Aegypti

224 2517 534 2628 ¹Philosophorlnn,
554 2519 594 2595 de
610 2527 729 2622 Spiritu
743 2537 894 2611 aeterno,
915 2515 1075 2609 inuisibili,
1094 2531 1206 2598 omni-

236 2631 383 2728 potenti,
407 2625 503 2698 nullis
515 2621 672 2710 sensibus,
696 2620 829 2712 sedsola
853 2643 977 2696 tanturn
999 2630 1117 2720 mentis
1132 2631 1207 2696 acie

237 2723 468 2828 percipiendo,
513 2753 540 2797 e
574 2722 690 2796 licebit.
747 2729 790 2796 Vt
811 2753 889 2798 vero
912 2721 1094 2800 doctrinam
1116 2729 1207 2800 hanc

235 2849 309 2901 tum
331 2821 446 2900 ordine
469 2753 612 2928 quolsdm
632 2823 710 2927 pers
725 2829 801 2900 icuo
825 2823 1002 2914 tradamus,
1036 2848 1107 2898 tum
1130 2857 1207 2900 me·

234 2925 341 3003 thodo
358 2956 487 3030 qnoque
501 2927 634 3002 illortun
648 2933 672 2999 P
698 2925 920 3029 'osophorutn
934 2947 1022 3000 tanto
1037 2936 1138 3030 magis
1155 2952 1205 3002 at·

236 3051 471 3130 temperemus,
495 3025 669 3101 dicendtun
682 3030 776 3102 nobis
799 3037 858 3102 etit
881 3034 905 3100 Ι.
922 3026 961 3101 de
981 3033 1106 3116 Athos,
1131 3029 1202 3104 sine

236 3131 388 3228 Venere3
431 3132 472 3204 ΙΙ.
488 3125 528 3202 de
541 3131 662 3218 Phtha,
684 3130 749 3204 stne
763 3130 911 3208 Vulcano
928 3159 938 3221 3
992 3134 1055 3207 ill:
1065 3115 1107 3202 de
1119 3137 1204 3206 Nei-

237 3231 310 3320 tha,
331 3231 396 3303 fine
411 3229 589 3322 Minerun3
629 3231 684 3306 lv.
708 3231 748 3305 de
764 3234 907 3332 Cnuphi,
924 3223 1205 3352 seu'Agathodae-

241 3361 369 3424 mone3
399 3335 437 3410 V,
455 3331 495 3406 de
510 3327 772 3422 Tithrambone,
795 3333 846 3404 vel
860 3337 893 3406 N
896 3332 1009 3420 ernest,
1033 3329 1068 3404 1d
1082 3333 1206 3411 elisee-

240 3433 345 3508 lertun
360 3456 390 3508 et
407 3439 583 3508 criminum
596 3432 732 3508 vindice.
784 3437 897 3536 Capite
916 3439 982 3508 hoc
1003 3439 1206 3538 primo‘a'ge-

69 3571 79 3594 ο
153 3612 155 3614 ,
208 3597 212 3604 .
242 3563 314 3609 mus
327 3560 414 3608 nrrnc
437 3531 477 3607 de
495 3536 568 3624 Dea
581 3539 706 3622 Athor,
743 3532 809 3608 siue
833 3535 978 3624 Venere,
1014 3533 1053 3608 de
1069 3538 1206 3639 reliquis

239 3665 318 3712 vero
332 3627 662 3812 disseretppsscapitibns
675 3631 831 3710 insecutis.

20 3819 28 3830 ,
101 3741 149 3836 ·'p'
223 3783 229 3794 “
302 3814 309 3844 Ι
342 3742 368 3829 s·
390 3759 417 3814 2.
481 3729 489 3746 ’
521 3744 571 3809 ἰοι·
598 3738 636 3808 ab
661 3735 854 3810 Athor'srue
879 3739 1025 3828 Venere:
1049 3739 1202 3840 eoquod

65 3863 229 3932 mmmm
238 3847 370 3936 Veteres
386 3841 625 3942 Aegyptiorum
641 3841 823 3938 Sapientes,
854 3837 943 3910 illurn
965 3867 1022 3938 per
1042 3871 1201 3936 σωματο-

48 3954 189 4034 presentie
236 3950 343 4026 veriat
361 3942 524 4020 filtrerunt
536 3944 681 4040 primum
699 3965 809 4014 rerum
824 3945 975 4014 omnium
994 3941 1204 4044 'principium
1259 3985 1260 3994 κ

1102 4049 1204 4146 eo-
