2654 4286
290 168 426 274 aera,
448 135 677 258 chunus
702 145 882 258 sacen.
997 161 1055 272 ai

88 365 255 440 familiare
275 366 366 440 fuisse
388 371 552 444 nouimur.
598 367 719 440 Exrhlt
742 369 843 462 igitur
864 366 975 438 licebit
992 388 1052 462 no·
1120 453 1125 468 ι

90 469 147 540 bie
160 469 377 564 concludere,
401 474 547 554 Taurum
560 471 693 541 Sacrum
709 469 983 561 Memphiriturn,
1006 487 1054 538 ert

90 565 254 638 sententia
277 571 488 644 Srcerdotum
510 573 770 663 Aegyptiorum,
794 567 969 658 symbolice
992 566 1057 656 dt·¹
1140 601 1143 606 ·

92 667 233 764 signasse
243 670 357 758 Nilum
372 669 530 754 fluuium,
543 679 704 764 quatenus'
717 669 771 741 ille
784 669 972 740 censebatur
986 665 1051 740 ser·

92 769 243 860 cilicem,
268 791 353 863 quae
382 775 573 867 Aegyptum
601 772 687 842 bert
702 789 737 842 ct
766 769 936 858 laetificat,
960 767 1052 844 causo
1142 802 1145 812 κ
1199 833 1201 836 ,

92 872 264 961 proxima.
292 869 456 943 ·Videtur
468 871 503 940 id
517 873 651 941 innuere
663 867 768 941 fabula
782 870 994 942 Sacerdotum
1008 870 1051 945 ue
1168 893 1170 898 ·

94 969 215 1060 Apide
243 969 392 1058 mystica,
433 991 531 1065 quam
550 961 724 1042 'retulimus
753 973 815 1041 iam
846 970 939 1064 supra
968 978 1052 1061 §.4
1141 1006 1143 1012 v

97 1073 206 1161 Apim
225 1072 383 1142 videlicet
403 1093 473 1144 tum
495 1073 646 1166 concipi,
670 1094 746 1142 curn
768 1075 859 1144 Luna
871 1071 1086 1160 lucern‘de*

95 1168 134 1241 se
155 1163 281 1242 emittit'
295 1174 486 1266 genitalem,
509 1193 616 1268 eaque
636 1193 786 1269 tangatur
808 1194 903 1244 vacca
925 1175 1056 1254 cultum
1071 1184 1084 1217 ·³
1134 1179 1140 1194 ⁸
1166 1254 1171 1270 .

94 1291 276 1362 appetens:
309 1271 406 1344 Vnde
418 1293 454 1345 et
466 1276 500 1344 in
514 1274 625 1366 Apide
638 1281 734 1343 mulc'a
750 1277 941 1362 cernentum,
965 1273 1052 1366 figu-

93 1373 143 1442 ria·
155 1373 268 1442 Lunae
285 1371 405 1448 similia.
451 1381 489 1448 In
506 1374 566 1444 hac
588 1372 691 1444 fabula
714 1377 793 1466 Apis
814 1374 894 1446 mihi
916 1375 1051 1446 videtur

92 1470 279 1565 significate
292 1475 424 1559 Nilum,
444 1475 537 1554 cuitu
559 1474 604 1544 est
619 1474 791 1566 symbolica
812 1477 931 1566 imago.
981 1477 1050 1545 Ge·
1081 1481 1086 1490 '

96 1575 208 1644 uetari
222 1576 249 1642 ir
263 1575 399 1659 dicitur,
422 1577 556 1669 quando
574 1579 662 1646 Luna
684 1571 774 1645 dexse
796 1576 903 1644 iucem
923 1567 1050 1666 genita·
1092 1651 1097 1662 ,

98 1673 166 1744 lem
197 1677 337 1758 emittit,
364 1679 440 1770 quia
470 1670 646 1746 credebant
674 1675 884 1764 Sacerdotes,
913 1675 1052 1746 fluuium

41 1837 51 1863 ,
98 1774 283 1871 Ιιωκιροίὲ
297 1779 512 1848 Noullunium
526 1799 664 1847 vernum
678 1779 873 1848 incrementa
894 1775 1052 1870 polliceri,
1138 1778 1144 1788 '

97 1875 175 1969 post
193 1878 407 1949 Noullunium
423 1901 505 1948 vero
526 1878 700 1964 aestiuum,
723 1899 758 1947 re
779 1875 844 1967 ipsa
866 1877 1050 1946 iam‘ollen·

99 1976 191 2048 dere.
243 1979 306 2060 Bait
323 1979 479 2082 ὁργῶσα,
506 2001 601 2048 vacca
625 1980 740 2048 coitum
761 1993 923 2073 enecans,
948 1978 981 2046 in
1001 1975 1050 2046 fa·

100 2077 177 2148 bula
195 2079 309 2168 eadem
323 2079 518 2152 subinnuete
531 2079 664 2152 videtur
678 2099 794 2150 terrum
808 2079 971 2173 Aegypti,
984 2077 1052 2148 Nili
1160 2091 1168 2170 j
1225 2117 1227 2124 ·

99 2179 305 2278 congressum
338 2200 560 2274 appetentem.
610 2185 736 2252 Verum
760 2177 796 2249 id
824 2180 890 2250 aliis
911 2201 1050 2273 quoque

99 2283 299 2372 argumentis
319 2303 407 2352 nunc
421 2281 688 2354 communiamus.
1165 2355 1170 2366 ,

177 2379 209 2474 §.
223 2387 277 2461 re.
330 2385 367 2454 ld
388 2405 467 2478 ergo
488 2403 682 2477 argumento
703 2401 842 2480 quoque
863 2381 943 2468 erit,
969 2382 1048 2476 Apl-
1076 2409 1154 2476 ιω,
1174 2409 1242 2470 ,J,·,·,

100 2477 173 2550 dem
207 2479 377 2576 imaginem
411 2486 571 2578 quandam
595 2481 691 2554 fuisse
718 2482 789 2552 Nili
803 2481 1049 2571 lsymbolicam,
1075 2493 1227 2586 argonen-

99 2578 195 2676 quod
209 2605 287 2654 eum
300 2587 491 2656 Sacerdotes
505 2578 638 2680 ossndr,
660 2582 727 2654 stuc
740 2583 821 2674 Soli,
835 2603 869 2654 et
882 2591 988 2658 unae
1003 2582 1048 2654 sa·
1073 2581 1112 2648 tir
1139 2579 1242 2664 qwfi'·

99 2705 194 2756 orum
207 2685 270 2756 elle
291 2683 512 2778 perhiberent.
536 2685 567 2782 §
582 2709 609 2773 ς.
660 2685 696 2755 ld
717 2687 804 2755 enilh
827 2707 871 2755 ex
884 2687 1047 2757 Sententia
1073 2676 1171 2759 ’.ΜΨ
1191 2674 1219 2722 '²

63 2848 67 2859 .
99 2783 314 2856 Sacerdotum
343 2787 488 2881 Aegypti
503 2811 527 2874 ,·
555 2788 589 2856 in
610 2777 750 2856 fluuium
773 2783 919 2878 ipsorum
946 2807 1046 2881 quam
1073 2743 1209 2895 ff&

100 2889 230 2978 open:
247 2887 396 2980 quaene
450 2888 571 2958 uatis
594 2886 723 2980 oniae,
755 2887 810 2956 ver
831 2886 913 2971 nra,
944 2888 1046 2959 mono
1124 2869 1133 2892 “
1168 2945 1170 2950 .

99 2985 248 3080 fingulari
260 2988 483 3075 consecratur,
509 2986 612 3083 vique
625 2989 728 3075 adeo,
747 2995 792 3057 'vt
806 2990 839 3058 iu
856 2991 958 3060 Sacris
972 2989 1048 3082 qui·
1130 3046 1136 3055 .

100 3085 256 3170 busdam,
284 3087 382 3180 iphut
404 3085 534 3182 Oſsn'dt's
552 3107 671 3158 nornen
692 3089 872 3180 acciperet,
899 3089 1047 3184 quando·
1135 3173 1139 3178 ¹

99 3189 235 3280 quidem
250 3187 428 3260 habebatur
441 3191 458 3228 ⁴*
471 3191 555 3261 illiue
575 3187 724 3272 effeuus,
747 3210 783 3259 et
804 3183 952 3262 defluxus
971 3193 1048 3284 qui·
1193 3245 1197 3252 .

101 3291 173 3358 clam
202 3284 419 3364 nobilissrmua.
467 3291 668 3384 Simulatque
695 3292 750 3360 Sol
779 3289 1050 3384 hemisphaerium

101 3389 247 3483 uoslrum·
258 3391 403 3482 superius
418 3393 600 3485 contigerat
612 3393 644 3458 in
658 3392 863 3482 aequinoclio
879 3413 1001 3473 verno,
1011 3393 1049 3430 *⁸

101 3490 339 3564 existimabatur
354 3489 530 3562 destderata
545 3490 638 3562 fluuii
658 3491 853 3564 incrementa
877 3489 1049 3584 disponere

101 3593 164 3662 iam
186 3613 221 3664 et
242 3593 403 3666 ordinare.
453 3593 522 3690 Qui
535 3615 616 3664 uero
637 3592 678 3661 ad
692 3588 927 3667 adscensionem
954 3591 1050 3663 fluuii
1187 3593 1194 3601 '

87 3697 91 3707 ‘
604 3693 676 3776 05
819 3761 821 3768 ,
903 3761 909 3776 ,
944 3692 1050 3780 huitu,
1105 3707 1109 3717 ’

97 3822 123 3878 ll
142 3819 218 3882 Vide
236 3821 355 3884 Panthei
368 3825 457 3886 huius
469 3823 534 3884 Lib.
551 3823 667 3909 ll.·cap.
683 3825 707 3884 1.
723 3817 751 3909 §.
764 3845 795 3902 4.

101 3905 137 3946 *⁸
157 3905 234 3977 Vide
247 3907 357 3975 ibldtua
369 3907 434 3972 Lib.
450 3909 491 3972 ll.
505 3929 530 3998 c.
544 3909 584 3976 ll.
599 3909 671 3991 §.m
765 3974 769 3983 ,
