2492 4284
111 121 818 208 senoctoomaua,
912 97 1011 206 cti

18 308 149 390 'altem
185 297 374 389 initiationii
397 309 571 401 participes
590 306 690 378 fruor
711 308 825 392 suisset
847 309 902 382 sed
923 327 994 380 tota
1127 296 1129 306 ’

18 432 145 500 amen
174 409 258 498 llaec
282 432 332 478 res
353 404 476 484 nonnisi
497 408 688 480 roriconis
708 412 834 482 nititur.
912 409 1004 480 lllud¹
1068 445 1070 457 =

18 533 126 583 extra
159 510 373 580 dubitationis
386 509 483 580 aleam
506 507 646 601 pofiturit
670 510 742 600 tstj
757 549 775 560 «-
790 533 835 580 ex
862 511 995 584 Graecis
1122 538 1125 548 ·

18 635 95 680 non
123 610 262 682 oilendi
284 609 373 700 posse
394 614 579 704 quenquam
587 629 616 700 ,³
631 612 690 704 qui
711 612 758 682 ad‘
771 613 834 703 rite
850 610 993 682 subeun-

18 715 105 788 rlarn
127 712 228 780 illam
252 709 484 798 initiationem,
510 731 614 804 aeque
636 719 857 806 praeparatur,
889 713 993 782 omni·

18 815 175 906 busque
205 811 289 880 illius
317 808 484 882 beneficiis
514 807 732 884 renonibus
760 833 825 883 tam
860 808 995 902 copiose

18 913 185 980 donatus
202 904 322 996 suant,
351 929 451 1001 atque
471 909 684 1004 Pythagoraa,
712 912 859 982 alumnus
878 911 995 1002 genui·
1111 909 1115 928 '

18 1033 95 1080 nus
139 1011 251 1081 totius
293 1006 486 1101 disciplinae
528 1000 729 1080 sacerdotalis
761 1011 995 1103 Aegyptiacae,
1085 1020 1090 1026 '

19 1111 133 1204 quod
151 1131 229 1182 tum
244 1107 357 1202 ipsos,
376 1129 447 1180 tum
471 1099 598 1180 scholae
606 1130 752 1202 quoque
766 1115 837 1182 eius
858 1109 997 1192 historia,

23 1214 244 1304 argumentis
256 1210 401 1302 plurimis
412 1207 618 1282 demonstrat.
667 1210 704 1279 ld
719 1209 760 1282 de
776 1212 908 1284 Graecis
922 1211 997 1281 reli,

26 1316 135 1406 quis,
174 1312 233 1404 qui
254 1307 325 1401 post
344 1331 419 1378 turn
447 1309 687 1402 inAegyptunr
703 1311 766 1382 iter
779 1311 998 1403 susceperunt,
1068 1363 1073 1370 .

31 1416 110 1484 clici
127 1411 281 1503 proseilo
298 1409 381 1478 nulla
396 1411 521 1492 tatione
540 1410 657 1504 potest.
706 1415 743 1482 ln
760 1411 898 1488 dubium
914 1433 997 1505 ergo

31 1517 161 1586 vocari
176 1512 267 1606 polle
282 1532 349 1580 non
363 1531 455 1592 reor.
485 1510 622 1582 durante
645 1511 807 1582 Persarum
830 1513 863 1580 in
882 1516 999 1604 Aegy·

34 1637 105 1711 pto
132 1611 303 1705 imperio,
335 1631 507 1684 numerum
528 1613 591 1682 rite
612 1613 847 1696 initiatorumJ
864 1631 901 1683 et
920 1632 998 1684 cum

39 1743 89 1788 eo
120 1713 352 1810 cognitionem,
373 1709 573 1783 scientiarum
604 1735 787 1784 arcanarum
815 1711 998 1788 sacerdota·

39 1821 155 1909 lium,
195 1799 443 1918 paulatimmsed
465 1835 663 1908 magnopere
682 1813 841 1886 defecisse.
916 1813 999 1884 Veri
1053 1835 1068 1896 l
1209 1856 1211 1868 ι

43 1917 191 1990 nominis
212 1913 523 2017 ἱερογραμματεῖς,
563 1935 599 1984 et
635 1915 913 2009 Arpedonaptae,
955 1915 1000 1984 de
1081 1943 1087 1952 ·

45 2019 169 2114 quibua
201 2023 233 2108 §.
249 2021 317 2104 xt,
344 2019 439 2111 pauci
453 2015 588 2086 omnino
602 2013 788 2107 supererant
796 2063 809 2105 „
831 2036 907 2087 cum
922 2018 1000 2086 Pto·

47 2122 166 2193 lernaei
187 2139 289 2212 regno
315 2119 462 2211 Aegypti
476 2117 679 2210 potirentur,
705 2117 799 2210 quod
822 2118 875 2188 vel
891 2137 935 2188 tx
948 2117 1000 2200 iia,
1118 2151 1123 2164 ·

48 2233 71 2274 ¹
100 2241 183 2312 quae
199 2221 287 2290 circa
305 2221 431 2293 cultum
454 2218 638 2313 Serapidis,
674 2219 713 2288 in·
732 2219 919 2311 Aegyptum
941 2217 998 2288 illo
1018 2207 1208 2317 nuilelfaai·

52 2343 200 2413 tempore
213 2311 513 2404 introducendum,
544 2318 629 2411 gella
644 2314 735 2410 sunt,
754 2319 860 2390 cuiuis
874 2320 999 2410 liquere
1016 2299 1103 2364 'hm'
1120 2300 1186 2364 ²¹¹³ss

52 2419 167 2518 potest.
239 2423 283 2492 Et
312 2418 369 2491 nil
393 2441 443 2490 res
473 2419 516 2489 ita
543 2417 577 2490 se
607 2417 758 2502 haberet,
791 2418 998 2507 Manethoni,
1018 2391 1059 2452 Π·
1087 2407 1148 2478 ‘'1’'
1168 2387 1206 2448 v·

57 2526 115 2617 qui
143 2523 329 2612 ingratiam
358 2521 635 2608 Ptolemaeorum,
667 2522 766 2590 multa
788 2521 822 2592 in
842 2520 998 2612 religione
1019 2473 1121 2588 Μ’
1214 2615 1216 2620 ¹

57 2623 289 2714 Aegyptiorum
310 2623 505 2703 innouauit,
539 2619 571 2718 §.
588 2622 655 2693 XX.
669 2623 819 2694 XXVlll.
834 2621 999 2721 molimina
1016 2667 1022 2674 -

58 2725 135 2796 haec
149 2724 189 2792 ita
204 2719 342 2792 feliciter
349 2719 528 2792 succedere
544 2745 611 2792 non
627 2721 813 2814 potuissent.
856 2722 998 2819 Eandem
1011 2785 1014 2792 ,

59 2846 187 2918 quoque
208 2821 332 2894 eausam
355 2819 448 2891 fuisse
461 2817 618 2904 arbitror,
648 2823 773 2915 quoda
794 2823 997 2895 Ptolemaeo·

60 2947 129 2998 rum
150 2945 315 3015 tempore,
343 2925 459 2993 Graeni
482 2923 524 2993 de
546 2921 743 3016 suscipienda
757 2924 997 3018 Aegyptiorum
1031 3003 1035 3011 ,

61 3025 230 3097 initiatione
245 3021 371 3094 solliciti
386 3023 523 3117 amplius
537 3023 631 3115 plane
645 3047 711 3096 non
727 3023 859 3116 fuerint,
881 3026 996 3116 etiarn·
1028 3069 1032 3090 .

64 3126 192 3217 strages
218 3121 274 3192 fibi
298 3122 427 3216 llrisque
458 3123 568 3194 studiis
599 3126 729 3216 oppido
761 3123 917 3194 haberent
948 3122 997 3193 sa·

63 3247 179 3297 uenter.
227 3225 362 3294 Nullum
384 3245 473 3294 certe
499 3245 543 3294 ex
571 3225 770 3294 Graecorum
794 3223 997 3316 Philosophia

64 3329 183 3396 alicuius
202 3327 340 3394 nominis
366 3325 513 3392 inuenire
535 3325 658 3418 potui,
704 3325 764 3417 qui
791 3323 997 3418 regnantibus

65 3428 238 3501 Ptolemaeis
271 3420 466 3494 beneficium
490 3425 678 3493 initiationis
705 3445 761 3495 aut
790 3422 996 3518 quaesiuerit,

66 3548 118 3598 aut
147 3527 384 3616 imperauerit,
420 3521 513 3616 quod
539 3523 617 3597 milti
642 3524 777 3616 quidem
801 3545 994 3620 argumento
1036 3569 1040 3576 ·

66 3626 291 3708 vilemelt,
328 3627 427 3698 ritum
448 3623 577 3696 huncce
611 3621 807 3716 myslicum,
843 3645 996 3718 tempore

449 3784 453 3793 ,
503 3725 629 3825 (K)4
935 3723 994 3796 illo
