2570 4286
285 161 879 302 sennirsfutnorrcvu'
977 229 1038 306 ²45

39 487 42 492 Ι
77 391 192 486 quue
219 387 306 475 sere,
327 412 447 466 nomen
475 393 678 480 Arabicum,
714 415 786 487 quo
814 377 1060 468 tutamentum
1129 415 1131 420 ·

78 496 222 570 nuncin
240 495 395 588 Aegypto
417 493 617 588 deignatur,
644 499 789 578 Milies,
806 500 924 586 pariter
942 496 1039 586 figni-

80 593 171 670 ficat.
221 596 275 666 sic
288 597 388 689 igitur
395 598 526 690 sepelire
549 600 664 692 Apina,
695 599 749 670 vel
769 597 905 668 cubitum
928 597 1038 670 Nilia-

83 720 182 778 cum,
204 697 310 790 lingua
325 700 537 773 sacerdotnm
553 696 743 790 symbolica,
768 699 810 769 de
825 721 888 792 qua
906 700 963 770 suo
986 701 1037 768 lo-

82 821 129 870 co
154 797 312 890 dixiriuu,
338 797 515 891 fignificare
536 791 680 894 poterat,
707 797 844 870 cultrum
865 800 1039 884 Niliacum,
1120 807 1125 818 ’

84 901 215 994 quippe
238 901 330 970 cuius
351 901 456 982 nullus
472 903 608 994 amplius
623 904 656 970 in
682 901 924 975 solennitatibus
944 900 1037 974 ueris

83 999 160 1070 vsui
183 999 279 1089 effer,
313 1003 346 1069 in
367 1002 512 1094 Templo
534 1003 693 1096 Serapidis
713 997 892 1093 reponere,
917 1023 955 1074 ac
975 1023 1037 1097 per
1176 1073 1181 1082 ,

83 1100 209 1172 mense'a
237 1101 365 1176 circiter
385 1105 460 1172 otio
481 1105 681 1195 occludere,
709 1125 780 1198 quo
803 1104 937 1197 quidem
961 1123 1036 1173 toto

59 1223 257 1294 ,tempore,
281 1202 466 1296 conspectui
489 1204 659 1276 hominum
678 1205 827 1274 omnium
848 1203 1036 1287 subtradun

84 1329 125 1374 ac
138 1305 242 1373 veluti
256 1300 416 1400 sepultus,
441 1301 580 1376 mansisse
594 1307 735 1376 videtur.
784 1309 821 1376 ln
837 1305 1034 1378 Atriumvel
1174 1297 1182 1306 ’

84 1406 267 1504 Templum
289 1399 433 1503 Mikr'aee,
458 1405 592 1477 Cohirae
617 1409 782 1494 erebum,
811 1403 913 1478 hodie
934 1426 1034 1494 nemo

84 1507 287 1594 admittitur,
320 1507 375 1576 nis
398 1509 546 1602 religioni
567 1506 859 1578 Muhamtnedanae
878 1507 1035 1588 addidlus‚
1089 1543 1093 1551 ·

85 1609 262 1702 peregrino
278 1607 395 1698 pedem
420 1610 452 1677 in
471 1606 537 1678 hoc
553 1609 728 1679 Samarium
743 1607 899 1696 intulisse,
922 1609 1035 1699 piaeu·
1105 1695 1108 1703 ⁴
1135 1625 1138 1632 '
1206 1698 1210 1708 Ι

85 1711 158 1780 lum
181 1706 235 1780 est.
285 1703 392 1780 Simile
414 1707 495 1803 quid
517 1711 627 1800 potuit
652 1711 733 1806 olim
755 1711 849 1778 etiam
871 1706 1036 1778 obseruari

86 1806 258 1900 Memphi,
281 1809 313 1878 in
330 1803 664 1902 Templossempidi's,
688 1812 792 1882 autin
813 1811 870 1878 illo
893 1810 961 1878 eiua
981 1810 1037 1878 Sa·

85 1913 213 1991 erario,
237 1911 354 2001 inquo
370 1911 502 1982 cubitus
516 1911 659 1982 Niliacus
674 1935 735 2005 per
749 1913 824 1982 olio
847 1907 967 1980 menses
982 1931 1035 1979 re·
1106 1906 1107 1910 ’
1133 1943 1137 1952 ·

85 2007 283 2082 condendus
298 2031 385 2094 erat,
409 2015 502 2080 vrin
530 2010 609 2082 illud
629 2013 749 2081 nemini
770 2029 897 2103 pateret
917 2011 1035 2096 aditur,

87 2111 146 2182 nist
168 2121 239 2203 quo
262 2133 415 2204 ternpore
436 2111 584 2181 cubitum
607 2113 766 2182 Niliacum
787 2112 843 2182 aut'
861 2111 1035 2182 solenniter
1081 2120 1087 2131 '

85 2211 234 2291 efferre,
271 2234 336 2284 auo
347 2215 414 2306 pari
444 2207 633 2282 solennitate
668 2213 823 2284 reducere
850 2211 1035 2306 oportebat.
1144 2239 1149 2252 ·

82 2317 123 2387 st
142 2313 183 2384 ad
206 2313 346 2407 linguam
367 2311 602 2384 sacerdotalem
624 2337 789 2398 arcanam,
817 2335 914 2407 quam
935 2334 1036 2384 rav·

85 2435 239 2486 caurus
258 2417 374 2506 vtique
390 2415 648 2500 nonnullam,
669 2414 829 2498 tuendas,
845 2414 941 2484 verba
955 2415 1037 2497 eius,

2 2567 3 2572 ,
86 2515 183 2611 supra
200 2514 264 2612 §.a
284 2515 391 2597 ¹allata,
413 2513 536 2586 sensum
557 2517 672 2602 talem,
702 2515 830 2610 qualem
853 2535 939 2584 nunc
960 2510 1036 2582 sub·

86 2616 357 2704 ministrabimus,
379 2613 579 2690 hauddubie
602 2618 786 2688 admittunt.
835 2619 876 2688 Et
897 2615 1036 2707 probare
1161 2615 1166 2620 '

86 2715 223 2792 difficile
237 2740 304 2788 noo
317 2715 437 2813 fores„
449 2719 631 2790 locutiones
644 2719 721 2789 tales
736 2716 944 2788 sacerdotales
964 2737 1035 2804 rny·

85 2819 202 2901 ilices,
222 2819 409 2916 ¹nulgonon
435 2819 625 2904 intelledlas,
644 2841 679 2889 et
702 2839 871 2912 perperam
892 2816 1038 2908 explica·
1105 2823 1110 2828 “
1208 2866 1253 2910 ⁴.

87 2939 160 3006 tta,
182 2941 310 2992 errores
324 2919 480 3014 peperisse
501 2941 566 2989 non
589 2941 720 3016 paucos.
772 2923 896 2990 Verum
919 2915 1039 2990 Tabala

89 3021 261 3104 Bembina,
287 3043 372 3115 quae
395 3023 428 3089 iu
453 3019 571 3091 eodem
590 3023 764 3116 Segmento
778 3019 913 3090 cubitum
933 3020 1039 3089 Nilia·
1163 3041 1172 3103 ς

94 3145 166 3192 tum
190 3123 239 3192 b'n
273 3143 349 3192 curn
379 3122 517 3214 imagine
541 3119 652 3215 Apidir
680 3123 874 3217 coniungit,
919 3117 1039 3214 signifi·

91 3221 258 3294 caremihi
274 3219 336 3291 visa
351 3221 413 3306 est,
437 3219 586 3314 Memphi
604 3223 739 3294 cubitum
761 3223 869 3318 illum,
890 3207 1040 3316 ingulari

92 3325 198 3396 modo
214 3319 311 3418 Apide
333 3320 504 3418 sacratum,
533 3344 568 3394 er
588 3325 620 3394 in
640 3312 722 3395 illiu's
742 3323 882 3413 delubro
903 3319 1038 3394 recondi

91 3425 224 3496 solitum
247 3423 366 3504 suille,
394 3421 449 3492 nifi
471 3419 573 3494 ruodo
602 3425 635 3494 in
658 3423 792 3508 ‘ibulag
808 3424 859 3494 illa
880 3425 1042 3506 innuatur,

93 3526 190 3620 quod
205 3547 240 3594 et
262 3527 280 3564 ⁴
306 3523 382 3593 alibi
396 3525 458 3594 iarn
483 3524 562 3593 mibi
582 3526 654 3617 plac
719 3518 856 3596 'remma
877 3521 964 3618 surn,
987 3545 1042 3593 crr-

93 3627 200 3698 br'tm
224 3625 414 3715 Niliacum,
458 3623 628 3718 postquam
655 3629 837 3726 (Templo
872 3624 1044 3718 Serapidis,

92 3729 188 3836 palor
202 3749 222 3798 e
236 3723 410 3828 sepulchro
432 3725 581 3800 eliceret
595 3729 628 3798 in
643 3727 748 3800 luce'm
768 3727 945 3822 produtius
967 3723 1044 3894 spir·

21 3837 26 3850 .
425 3821 436 3847 o
614 3831 688 3922 Ως
923 3851 925 3854 ,
999 3841 1045 3909 et,

91 3937 112 3980 ²⁸
133 3939 226 4026 Supra
240 3954 301 4024 top.
310 3937 349 3998 11.
365 3933 390 4021 d
402 3955 448 4002 aa.
574 4003 576 4010 ,
