2520 4284
1 227 2 260 ,
272 121 371 264 5‘3'
536 109 955 280 :trun-cunm

273 345 379 422 mille.
423 346 477 419 nb
491 347 550 418 hac
566 368 646 421 vero
666 349 805 433 ratione,
825 371 928 444 ,quam
945 345 1142 420 Sacerdotes
1163 345 1211 417 fibi

233 443 239 452 “
274 449 487 532 reseruarent,
510 471 722 522 urouonvs
737 449 852 519 diserte
866 447 1033 542 dillinguir
1045 451 1214 542 opiniones

242 608 244 630 ,
274 549 487 647 populures,
509 553 593 620 inter
614 569 693 643 quas
715 554 856 641 primum
884 551 995 621 locum
1019 551 1062 617 illi
1090 551 1214 633 tribuit,

214 690 217 698 ·
260 662 373 744 'quam
388 651 493 719 verbis
510 653 577 720 eius
591 651 645 721 bic
659 649 888 742 descripsimus.
938 651 1042 738 Quod
1062 648 1085 718 li
1106 671 1215 719 aurem

209 781 212 794 ·
274 751 408 835 dixero,
433 773 529 820 veros
544 752 704 846 opinionis
718 749 810 820 huius
826 751 987 842 popularis
1009 753 1041 820 in
1059 755 1216 842 Aegypto

179 863 184 868 '
236 859 241 870 ’
275 855 438 938 auderes,
464 849 556 921 fuisse
570 857 728 939 Graecos,
754 849 834 920 nihil
850 853 997 938 diueroa
1015 853 1061 920 rei
1080 851 1218 920 ueritate

271 953 421 1024 alienum.
470 956 613 1024 Graecos
625 953 710 1022 enim
725 951 815 1020 fuisse
830 951 954 1034 fabulae
976 953 1059 1022 illiue
1081 949 1217 1020 fabrica-

28 1065 31 1076 ¹
130 1131 133 1140 Α
185 1077 190 1086 ·
269 1073 381 1152 tores,
411 1070 454 1122 ex
474 1051 508 1147 §.
524 1059 556 1122 ⁶.
579 1073 614 1122 et
638 1077 670 1142 7.
685 1054 810 1146 liquere
826 1053 972 1122 arbitror.
1045 1053 1218 1141 Tempore

274 1173 357 1222 vero
374 1151 536 1238 Diodori,
558 1155 674 1224 Graeci
688 1155 719 1222 in
742 1157 901 1248 Aegypto
916 1153 1041 1245 ubique
1055 1155 1217 1242 praeuale-

274 1253 371 1348 bunt,
387 1253 515 1325 scholar
529 1256 671 1345 publicar
678 1271 928 1342 occupauerant,
938 1251 1105 1321 ministeria
1113 1253 1217 1322 Tem-

273 1353 404 1449 plorum
419 1371 454 1423 et
470 1358 620 1424 Deorum
632 1355 674 1424 ad
687 1353 719 1424 se
732 1373 911 1438 traxerant,
932 1357 1094 1444 Sacraque
1107 1354 1218 1445 aegy-

272 1456 430 1548 priorum,
453 1477 519 1522 non
536 1453 625 1526 secus
639 1473 738 1546 atque
752 1455 926 1526 doilriuam
941 1450 1086 1546 ipsorum
1100 1453 1215 1522 Theo·

145 1623 148 1628 .
274 1555 432 1648 logicam,
454 1557 485 1622 in
503 1557 609 1626 multis
623 1573 823 1624 mutauerant
837 1577 874 1623 ac
888 1575 1111 1648 corruperant,
1124 1553 1217 1644 quod

275 1657 393 1727 velex
414 1657 568 1743 nummis,
596 1669 746 1748 tempore
769 1655 1052 1746 Ptolemaeorum,
1092 1657 1218 1748 primo·

16 1831 20 1838 ,
141 1761 148 1789 ”
275 1759 660 1849 rumquelmperttornrn
669 1759 911 1846 Romanorum,
936 1756 969 1822 iu
979 1757 1132 1848 Aegypto
1145 1777 1216 1849 per·

272 1852 386 1937 tuliis,
409 1857 524 1926 inuicte
538 1855 753 1926 demonstrare
774 1857 855 1928 licet.
906 1858 1018 1926 Taceo
1041 1858 1125 1940 iam,
1150 1857 1218 1923 ori·

272 1959 363 2049 gines
378 1957 479 2026 cultui
495 1957 693 2039 animalium,
716 1956 757 2024 ab
773 1957 1010 2048 Aegyptiorum
1026 1957 1151 2048 vulgo,
1172 1954 1217 2023 us·

272 2055 384 2148 dignari
399 2056 520 2141 solitas,
543 2077 618 2126 cum
633 2057 738 2132 fabula
755 2059 973 2148 Graecorum,
1004 2059 1138 2148 qualem
1160 2077 1218 2125 ex·

271 2155 367 2227 hibui
384 2157 416 2251 §.
430 2162 465 2251 6,
488 2181 553 2225 non
568 2159 703 2227 omnino
717 2154 903 2234 consonare.
932 2159 1037 2228 Pollet
1048 2155 1217 2248 equidem,

272 2256 388 2343 fateor,
406 2257 615 2349 discrepantia
629 2259 679 2328 illa
695 2259 802 2326 multis
818 2257 922 2327 videri
934 2259 1093 2328 momenti
1109 2257 1217 2328 lertio-

273 2359 345 2438 ris=;
375 2357 428 2428 sed
451 2379 557 2428 tamen
582 2381 647 2427 non
663 2360 695 2426 in
718 2357 902 2428 uniuersum
916 2355 1128 2452 spernendam
1143 2359 1217 2442 elle,

271 2461 403 2553 opinor.
457 2461 562 2528 Locus
571 2480 860 2544 verorucraur,
884 2457 925 2528 ad
938 2481 1037 2553 quem
1048 2477 1219 2530 transeun-

149 2565 152 2572 “
272 2558 353 2627 dum
380 2557 459 2628 mihi
479 2582 565 2628 nunc
584 2559 650 2642 est,
674 2561 707 2628 id
724 2558 793 2629 fere
805 2551 907 2657 sunit,
929 2563 948 2598 ⁴*
996 2562 1087 2650 Arss
1102 2567 1144 2630 iar
1165 2565 1218 2630 ά·

187 2649 195 2660 ”
264 2676 399 2756 gppruru
418 2667 545 2746 uenias,
573 2657 620 2730 ibi
640 2657 788 2740 demum,
818 2656 865 2730 ibi
890 2685 942 2730 rer
953 2685 1076 2760 grecus
1093 2659 1218 2732 uidebis

178 2825 188 2838 ,
214 2833 233 2853 ¹,
270 2761 404 2844 multat,
428 2778 458 2829 rt
472 2762 547 2830 coela
562 2785 597 2832 rc
611 2785 686 2832 urrc
700 2759 834 2856 dignas:
846 2853 847 2856 Ἴ
853 2779 935 2860 putu
949 2767 1054 2834 larum
1063 2771 1217 2846 urr‘crirra,

269 2867 380 2942 currina
400 2861 488 2931 rudru
509 2866 703 2933 Mercurium
727 2864 816 2934 illrum
844 2871 993 2960 optimum
1007 2863 1217 2961 praedirum:

269 2963 386 3032 Panem
399 2987 471 3034 vero
484 2982 583 3034 corum
596 2961 738 3050 hircum,
762 2965 861 3034 alium
875 2972 973 3034 ctiam
989 2963 1089 3053 ibim,
1113 2969 1218 3038 alium

270 3061 472 3150 crocodilum,
495 3069 672 3154 erſsmiarr.
725 3067 841 3136 Verrem

372 3163 449 3236 “Si
461 3162 602 3257 distendo
617 3167 694 3236 uciir
705 3161 883 3266 pernoscere
898 3183 932 3236 ct
947 3165 1004 3238 illa
1086 3175 1093 3190 ‘

267 3265 741 3364 cumplurchaplrrsturuudics,
772 3285 801 3337 et
817 3262 958 3354 Scribas,
987 3287 1019 3338 tt
1039 3269 1218 3370 Prophetas

266 3383 332 3436 toro
345 3388 466 3466 corpore
480 3365 624 3462 abrasos,
647 3375 704 3468 qui
717 3367 781 3438 tibi
790 3387 926 3439 narrent
946 3406 1052 3424 ·--
1064 3369 1217 3470 quomoda

113 3523 115 3532 ,
266 3465 306 3537 ab
320 3466 451 3558 hostibus
465 3475 579 3540 turriti
586 3527 595 3555 ,
621 3471 767 3568 illamque
776 3473 947 3566 gigantum
960 3467 1158 3544 rebellionem
1169 3497 1216 3545 ur·

164 3631 177 3644 ,
266 3577 346 3654 riti,
376 3574 434 3638 Dii
444 3577 480 3638 iu
497 3576 668 3668 Aquptum
682 3581 842 3655 venerint,
872 3589 908 3642 vt
930 3572 997 3642 iilic
1017 3569 1058 3644 ab
1077 3573 1216 3664 hostib!

82 3661 84 3670 ’
262 3679 330 3740 ruti
345 3671 533 3740 latitarem:
560 3671 686 3772 ideoque
698 3674 781 3742 auus
793 3669 1214 3774 ipsorumhircroupraesrr·

871 3791 875 3800 '
1112 3774 1211 3848 midi·

262 3903 281 3938 ¹*
299 3907 332 3964 ln
348 3904 424 3965 libro
443 3901 642 3990 deSarrr'ficr'r‘r
654 3913 728 3975 cirta
743 3915 792 3975 lin.
816 3917 893 3997 Opp.
911 3913 1021 3978 Tuli.
1042 3925 1146 4002 pff.

261 3986 296 4041 Ψ*
316 3993 518 4058 flonrnrs
540 3991 576 4062 ll.
589 3999 620 4055 Z.
636 4014 694 4075 150.
715 4003 748 4061 Y.
760 4017 814 4071 uu.
