<?xml version="1.0" encoding="UTF-8"?>
<!DOCTYPE html PUBLIC "-//W3C//DTD XHTML 1.0 Transitional//EN"
    "http://www.w3.org/TR/xhtml1/DTD/xhtml1-transitional.dtd">
<html xmlns="http://www.w3.org/1999/xhtml" xml:lang="en" lang="en">
 <head>
  <title>
</title>
<meta http-equiv="Content-Type" content="text/html;charset=utf-8" />
  <meta name='ocr-system' content='tesseract 3.04.00' />
  <meta name='ocr-capabilities' content='ocr_page ocr_carea ocr_par ocr_line ocrx_word'/>
</head>
<body>
  <div class='ocr_page' id='page_1' title='image "./pantheonaegypti00jablgoog_0983.png"; bbox 0 0 2492 4284; ppageno 0'>
   <div class='ocr_carea' id='block_1_1' title="bbox 235 113 1027 206">
    <p class='ocr_par' dir='ltr' id='par_1_1' title="bbox 235 113 1027 206">
     <span class='ocr_line' id='line_1_1' title="bbox 235 113 1027 206; baseline -0.003 -18"><span class='ocrx_word' id='word_1_1' title='bbox 235 114 293 190; x_wconf 76' lang='lat' dir='ltr'>CL</span> <span class='ocrx_word' id='word_1_2' title='bbox 396 113 1027 206; x_wconf 70' lang='lat' dir='ltr'>,rtouuoouunm</span> 
     </span>
    </p>
   </div>
   <div class='ocr_carea' id='block_1_2' title="bbox 33 287 1235 3902">
    <p class='ocr_par' dir='ltr' id='par_1_2' title="bbox 72 287 1190 390">
     <span class='ocr_line' id='line_1_2' title="bbox 72 287 1190 390; baseline -0.004 -22"><span class='ocrx_word' id='word_1_3' title='bbox 72 287 224 390; x_wconf 60' lang='lat' dir='ltr'>fmfism·</span> <span class='ocrx_word' id='word_1_4' title='bbox 313 287 486 388; x_wconf 81' lang='lat' dir='ltr'>§.LXlV.</span> <span class='ocrx_word' id='word_1_5' title='bbox 533 293 613 362; x_wconf 86' lang='lat' dir='ltr'>Non</span> <span class='ocrx_word' id='word_1_6' title='bbox 628 305 735 362; x_wconf 87' lang='lat' dir='ltr'>tamen</span> <span class='ocrx_word' id='word_1_7' title='bbox 756 287 912 374; x_wconf 86' lang='lat' dir='ltr'>diffiteor,</span> <span class='ocrx_word' id='word_1_8' title='bbox 930 288 1190 375; x_wconf 64' lang='lat' dir='ltr'>deminutionem</span> 
     </span>
    </p>

    <p class='ocr_par' dir='ltr' id='par_1_3' title="bbox 35 391 1189 487">
     <span class='ocr_line' id='line_1_3' title="bbox 35 391 1189 487; baseline 0.001 -24"><span class='ocrx_word' id='word_1_9' title='bbox 35 393 164 478; x_wconf 71' lang='lat' dir='ltr'>mimine</span> <span class='ocrx_word' id='word_1_10' title='bbox 185 397 226 436; x_wconf 83' lang='lat' dir='ltr'>re·</span> <span class='ocrx_word' id='word_1_11' title='bbox 247 394 406 468; x_wconf 79' lang='lat' dir='ltr'>Persarum</span> <span class='ocrx_word' id='word_1_12' title='bbox 429 396 461 463; x_wconf 90' lang='lat' dir='ltr'>in</span> <span class='ocrx_word' id='word_1_13' title='bbox 485 396 650 487; x_wconf 74' lang='lat' dir='ltr'>Aegypto,</span> <span class='ocrx_word' id='word_1_14' title='bbox 675 407 711 462; x_wconf 89' lang='lat' dir='ltr'>et</span> <span class='ocrx_word' id='word_1_15' title='bbox 732 391 811 463; x_wconf 75' lang='lat' dir='ltr'>bella</span> <span class='ocrx_word' id='word_1_16' title='bbox 832 391 976 462; x_wconf 84' lang='lat' dir='ltr'>intestina</span> <span class='ocrx_word' id='word_1_17' title='bbox 998 391 1074 464; x_wconf 84' lang='lat' dir='ltr'>sere</span> <span class='ocrx_word' id='word_1_18' title='bbox 1086 397 1189 464; x_wconf 88' lang='lat' dir='ltr'>conti·</span> 
     </span>
    </p>

    <p class='ocr_par' dir='ltr' id='par_1_4' title="bbox 33 457 1191 1303">
     <span class='ocr_line' id='line_1_4' title="bbox 37 457 1189 588; baseline 0.003 -26"><span class='ocrx_word' id='word_1_19' title='bbox 37 459 155 562; x_wconf 58' lang='lat' dir='ltr'>&#39;&#39;dms’&#39;</span> <span class='ocrx_word' id='word_1_20' title='bbox 175 457 226 526; x_wconf 43' lang='lat' dir='ltr'>A&amp;</span> <span class='ocrx_word' id='word_1_21' title='bbox 247 517 321 574; x_wconf 87' lang='lat' dir='ltr'>nua,</span> <span class='ocrx_word' id='word_1_22' title='bbox 343 517 428 588; x_wconf 84' lang='lat' dir='ltr'>quae</span> <span class='ocrx_word' id='word_1_23' title='bbox 446 495 496 566; x_wconf 86' lang='lat' dir='ltr'>illa</span> <span class='ocrx_word' id='word_1_24' title='bbox 519 489 689 586; x_wconf 86' lang='lat' dir='ltr'>produxit,</span> <span class='ocrx_word' id='word_1_25' title='bbox 714 475 788 562; x_wconf 73' lang='lat' dir='ltr'>c&#39;osu</span> <span class='ocrx_word' id='word_1_26' title='bbox 808 491 964 582; x_wconf 81' lang='lat' dir='ltr'>effecisse,</span> <span class='ocrx_word' id='word_1_27' title='bbox 983 515 1027 564; x_wconf 83' lang='lat' dir='ltr'>vt</span> <span class='ocrx_word' id='word_1_28' title='bbox 1041 495 1189 566; x_wconf 73' lang='lat' dir='ltr'>scientiae</span> 
     </span>
     <span class='ocr_line' id='line_1_5' title="bbox 33 563 1191 714; baseline -0.004 -43"><span class='ocrx_word' id='word_1_29' title='bbox 33 563 233 714; x_wconf 43' lang='lat' dir='ltr'>&amp;mm</span> <span class='ocrx_word' id='word_1_30' title='bbox 246 599 459 670; x_wconf 81' lang='lat' dir='ltr'>Saceruonn</span> <span class='ocrx_word' id='word_1_31' title='bbox 475 617 608 682; x_wconf 76' lang='lat' dir='ltr'>arcanae</span> <span class='ocrx_word' id='word_1_32' title='bbox 622 595 772 686; x_wconf 82' lang='lat' dir='ltr'>paulatim</span> <span class='ocrx_word' id='word_1_33' title='bbox 794 595 986 681; x_wconf 70' lang='lat' dir='ltr'>interierint,</span> <span class='ocrx_word' id='word_1_34' title='bbox 1012 617 1191 687; x_wconf 84' lang='lat' dir='ltr'>coqueret</span> 
     </span>
     <span class='ocr_line' id='line_1_6' title="bbox 35 694 1190 789; baseline -0.003 -20"><span class='ocrx_word' id='word_1_35' title='bbox 35 715 184 780; x_wconf 60' lang='lat' dir='ltr'>dominae</span> <span class='ocrx_word' id='word_1_36' title='bbox 244 721 359 770; x_wconf 88' lang='lat' dir='ltr'>eorum</span> <span class='ocrx_word' id='word_1_37' title='bbox 397 695 599 789; x_wconf 80' lang='lat' dir='ltr'>Theologict</span> <span class='ocrx_word' id='word_1_38' title='bbox 629 694 843 781; x_wconf 58' lang='lat' dir='ltr'>‚vehementer</span> <span class='ocrx_word' id='word_1_39' title='bbox 870 696 1045 768; x_wconf 87' lang='lat' dir='ltr'>imminuta</span> <span class='ocrx_word' id='word_1_40' title='bbox 1081 697 1190 780; x_wconf 86' lang='lat' dir='ltr'>fuerit,</span> 
     </span>
     <span class='ocr_line' id='line_1_7' title="bbox 34 793 1189 886; baseline 0 -20"><span class='ocrx_word' id='word_1_41' title='bbox 34 795 217 866; x_wconf 77' lang='lat' dir='ltr'>Sacndorinr</span> <span class='ocrx_word' id='word_1_42' title='bbox 244 801 340 874; x_wconf 84' lang='lat' dir='ltr'>estoit</span> <span class='ocrx_word' id='word_1_43' title='bbox 359 817 467 869; x_wconf 89' lang='lat' dir='ltr'>autem</span> <span class='ocrx_word' id='word_1_44' title='bbox 490 817 567 868; x_wconf 86' lang='lat' dir='ltr'>vera</span> <span class='ocrx_word' id='word_1_45' title='bbox 588 795 752 866; x_wconf 73' lang='lat' dir='ltr'>dodrinae</span> <span class='ocrx_word' id='word_1_46' title='bbox 766 793 910 886; x_wconf 88' lang='lat' dir='ltr'>ipsorum</span> <span class='ocrx_word' id='word_1_47' title='bbox 929 793 1041 868; x_wconf 86' lang='lat' dir='ltr'>sacrae</span> <span class='ocrx_word' id='word_1_48' title='bbox 1054 801 1120 867; x_wconf 89' lang='lat' dir='ltr'>iarn</span> <span class='ocrx_word' id='word_1_49' title='bbox 1134 798 1189 866; x_wconf 93' lang='lat' dir='ltr'>du·</span> 
     </span>
     <span class='ocr_line' id='line_1_8' title="bbox 34 892 1189 996; baseline -0.004 -23"><span class='ocrx_word' id='word_1_50' title='bbox 34 909 162 986; x_wconf 62' lang='lat' dir='ltr'>‘W‘</span> <span class='ocrx_word' id='word_1_51' title='bbox 176 892 222 952; x_wconf 78' lang='lat' dir='ltr'>in·</span> <span class='ocrx_word' id='word_1_52' title='bbox 241 906 322 978; x_wconf 88' lang='lat' dir='ltr'>dutn</span> <span class='ocrx_word' id='word_1_53' title='bbox 344 899 486 996; x_wconf 80' lang='lat' dir='ltr'>perierit.</span> <span class='ocrx_word' id='word_1_54' title='bbox 537 898 712 968; x_wconf 84' lang='lat' dir='ltr'>Neminem</span> <span class='ocrx_word' id='word_1_55' title='bbox 738 898 823 992; x_wconf 70' lang='lat' dir='ltr'>enim</span> <span class='ocrx_word' id='word_1_56' title='bbox 844 897 886 966; x_wconf 86' lang='lat' dir='ltr'>ad</span> <span class='ocrx_word' id='word_1_57' title='bbox 909 895 1123 968; x_wconf 69' lang='lat' dir='ltr'>scientiarum</span> <span class='ocrx_word' id='word_1_58' title='bbox 1145 921 1189 968; x_wconf 89' lang='lat' dir='ltr'>ar·</span> 
     </span>
     <span class='ocr_line' id='line_1_9' title="bbox 33 969 1190 1093; baseline -0.004 -20"><span class='ocrx_word' id='word_1_59' title='bbox 33 969 164 1038; x_wconf 45' lang='lat'>‘&#39;⁶⁰¹⁹&#39;&#39;</span> <span class='ocrx_word' id='word_1_60' title='bbox 240 1021 389 1080; x_wconf 81' lang='lat' dir='ltr'>canatum</span> <span class='ocrx_word' id='word_1_61' title='bbox 411 1000 658 1093; x_wconf 86' lang='lat' dir='ltr'>perceptionem</span> <span class='ocrx_word' id='word_1_62' title='bbox 681 995 988 1084; x_wconf 64' lang='lat' dir='ltr'>admittuntque,</span> <span class='ocrx_word' id='word_1_63' title='bbox 1015 999 1073 1068; x_wconf 76' lang='lat' dir='ltr'>nis</span> <span class='ocrx_word' id='word_1_64' title='bbox 1098 1021 1190 1090; x_wconf 87' lang='lat' dir='ltr'>prae-</span> 
     </span>
     <span class='ocr_line' id='line_1_10' title="bbox 145 1098 1190 1190; baseline -0.009 -13"><span class='ocrx_word' id='word_1_65' title='bbox 145 1156 166 1182; x_wconf 60' lang='lat'>„</span> <span class='ocrx_word' id='word_1_66' title='bbox 239 1099 486 1190; x_wconf 69' lang='lat' dir='ltr'>uitinitiaqione</span> <span class='ocrx_word' id='word_1_67' title='bbox 509 1100 658 1170; x_wconf 85' lang='lat' dir='ltr'>diuturna</span> <span class='ocrx_word' id='word_1_68' title='bbox 672 1118 707 1168; x_wconf 87' lang='lat' dir='ltr'>et</span> <span class='ocrx_word' id='word_1_69' title='bbox 730 1098 825 1168; x_wconf 78' lang='lat' dir='ltr'>valde</span> <span class='ocrx_word' id='word_1_70' title='bbox 842 1098 985 1182; x_wconf 75' lang='lat' dir='ltr'>molesia,</span> <span class='ocrx_word' id='word_1_71' title='bbox 998 1103 1190 1170; x_wconf 78' lang='lat' dir='ltr'>monuimus</span> 
     </span>
     <span class='ocr_line' id='line_1_11' title="bbox 121 1197 1190 1303; baseline -0.005 -30"><span class='ocrx_word' id='word_1_72' title='bbox 121 1293 125 1303; x_wconf 26' lang='lat' dir='ltr'><em>s</em></span> <span class='ocrx_word' id='word_1_73' title='bbox 242 1206 274 1302; x_wconf 87' lang='lat'>§.</span> <span class='ocrx_word' id='word_1_74' title='bbox 297 1204 376 1274; x_wconf 88' lang='lat' dir='ltr'>LXl.</span> <span class='ocrx_word' id='word_1_75' title='bbox 403 1200 627 1292; x_wconf 70' lang='lat' dir='ltr'>Temporiqus</span> <span class='ocrx_word' id='word_1_76' title='bbox 651 1221 734 1271; x_wconf 87' lang='lat' dir='ltr'>vero</span> <span class='ocrx_word' id='word_1_77' title='bbox 755 1197 813 1276; x_wconf 88' lang='lat' dir='ltr'>illis</span> <span class='ocrx_word' id='word_1_78' title='bbox 835 1201 969 1270; x_wconf 86' lang='lat' dir='ltr'>incertia</span> <span class='ocrx_word' id='word_1_79' title='bbox 989 1222 1032 1272; x_wconf 91' lang='lat' dir='ltr'>ac</span> <span class='ocrx_word' id='word_1_80' title='bbox 1046 1197 1190 1291; x_wconf 88' lang='lat' dir='ltr'>perdiffi-</span> 
     </span>
    </p>

    <p class='ocr_par' dir='ltr' id='par_1_5' title="bbox 156 1296 1189 1596">
     <span class='ocr_line' id='line_1_12' title="bbox 156 1296 1189 1396; baseline -0.007 -19"><span class='ocrx_word' id='word_1_81' title='bbox 156 1385 159 1396; x_wconf 52' lang='lat'><strong><em>‚</em></strong></span> <span class='ocrx_word' id='word_1_82' title='bbox 239 1304 376 1390; x_wconf 79' lang='lat' dir='ltr'>tisibus,</span> <span class='ocrx_word' id='word_1_83' title='bbox 400 1301 521 1394; x_wconf 85' lang='lat' dir='ltr'>quibua</span> <span class='ocrx_word' id='word_1_84' title='bbox 542 1323 603 1393; x_wconf 86' lang='lat' dir='ltr'>per</span> <span class='ocrx_word' id='word_1_85' title='bbox 624 1299 769 1380; x_wconf 77' lang='lat' dir='ltr'>intestine</span> <span class='ocrx_word' id='word_1_86' title='bbox 794 1296 917 1370; x_wconf 80' lang='lat' dir='ltr'>diffidit</span> <span class='ocrx_word' id='word_1_87' title='bbox 937 1320 975 1370; x_wconf 89' lang='lat' dir='ltr'>et</span> <span class='ocrx_word' id='word_1_88' title='bbox 992 1301 1078 1370; x_wconf 86' lang='lat' dir='ltr'>bella</span> <span class='ocrx_word' id='word_1_89' title='bbox 1097 1303 1189 1372; x_wconf 85' lang='lat' dir='ltr'>valde</span> 
     </span>
     <span class='ocr_line' id='line_1_13' title="bbox 240 1376 1189 1503; baseline -0.008 -25"><span class='ocrx_word' id='word_1_90' title='bbox 240 1399 393 1486; x_wconf 77' lang='lat' dir='ltr'>cruenti,</span> <span class='ocrx_word' id='word_1_91' title='bbox 418 1421 487 1473; x_wconf 87' lang='lat' dir='ltr'>rota</span> <span class='ocrx_word' id='word_1_92' title='bbox 511 1406 684 1503; x_wconf 72' lang='lat' dir='ltr'>Aegyptus</span> <span class='ocrx_word' id='word_1_93' title='bbox 714 1376 873 1472; x_wconf 63' lang='lat' dir='ltr'>dontinun</span> <span class='ocrx_word' id='word_1_94' title='bbox 897 1402 1137 1494; x_wconf 75' lang='lat' dir='ltr'>premebatur,</span> <span class='ocrx_word' id='word_1_95' title='bbox 1159 1421 1189 1470; x_wconf 85' lang='lat' dir='ltr'>er</span> 
     </span>
     <span class='ocr_line' id='line_1_14' title="bbox 239 1497 1187 1596; baseline -0.011 -16"><span class='ocrx_word' id='word_1_96' title='bbox 239 1525 366 1580; x_wconf 85' lang='lat' dir='ltr'>orntum</span> <span class='ocrx_word' id='word_1_97' title='bbox 403 1527 469 1574; x_wconf 90' lang='lat' dir='ltr'>non</span> <span class='ocrx_word' id='word_1_98' title='bbox 512 1503 774 1596; x_wconf 80' lang='lat' dir='ltr'>opprimebatur,</span> <span class='ocrx_word' id='word_1_99' title='bbox 799 1497 920 1593; x_wconf 78' lang='lat' dir='ltr'>quibui</span> <span class='ocrx_word' id='word_1_100' title='bbox 941 1503 1187 1594; x_wconf 82' lang='lat' dir='ltr'>pnesertimin</span> 
     </span>
    </p>

    <p class='ocr_par' dir='ltr' id='par_1_6' title="bbox 128 1598 1235 2904">
     <span class='ocr_line' id='line_1_15' title="bbox 188 1598 1188 1706; baseline -0.007 -28"><span class='ocrx_word' id='word_1_101' title='bbox 188 1689 192 1706; x_wconf 87' lang='lat'>.</span> <span class='ocrx_word' id='word_1_102' title='bbox 239 1605 377 1700; x_wconf 82' lang='lat' dir='ltr'>Templa</span> <span class='ocrx_word' id='word_1_103' title='bbox 397 1605 480 1675; x_wconf 88' lang='lat' dir='ltr'>illiua</span> <span class='ocrx_word' id='word_1_104' title='bbox 503 1605 664 1696; x_wconf 78' lang='lat' dir='ltr'>regionis,</span> <span class='ocrx_word' id='word_1_105' title='bbox 686 1623 871 1696; x_wconf 89' lang='lat' dir='ltr'>eorumque</span> <span class='ocrx_word' id='word_1_106' title='bbox 892 1601 1074 1686; x_wconf 80' lang='lat' dir='ltr'>ministros,</span> <span class='ocrx_word' id='word_1_107' title='bbox 1100 1598 1188 1694; x_wconf 79' lang='lat' dir='ltr'>pesl-</span> 
     </span>
     <span class='ocr_line' id='line_1_16' title="bbox 239 1700 1189 1796; baseline -0.007 -17"><span class='ocrx_word' id='word_1_108' title='bbox 239 1711 300 1780; x_wconf 83' lang='lat' dir='ltr'>mit</span> <span class='ocrx_word' id='word_1_109' title='bbox 328 1705 434 1778; x_wconf 84' lang='lat' dir='ltr'>modis</span> <span class='ocrx_word' id='word_1_110' title='bbox 465 1703 683 1786; x_wconf 86' lang='lat' dir='ltr'>saeuiebatur,</span> <span class='ocrx_word' id='word_1_111' title='bbox 719 1725 841 1796; x_wconf 83' lang='lat' dir='ltr'>paucos</span> <span class='ocrx_word' id='word_1_112' title='bbox 874 1700 1058 1773; x_wconf 79' lang='lat' dir='ltr'>admodum</span> <span class='ocrx_word' id='word_1_113' title='bbox 1090 1703 1189 1786; x_wconf 86' lang='lat' dir='ltr'>fuisse,</span> 
     </span>
     <span class='ocr_line' id='line_1_17' title="bbox 209 1793 1191 1910; baseline -0.007 -31"><span class='ocrx_word' id='word_1_114' title='bbox 209 1879 212 1886; x_wconf 42' lang='lat'>,</span> <span class='ocrx_word' id='word_1_115' title='bbox 239 1811 299 1904; x_wconf 92' lang='lat' dir='ltr'>qui</span> <span class='ocrx_word' id='word_1_116' title='bbox 323 1793 481 1910; x_wconf 70' lang='lat' dir='ltr'>molestias</span> <span class='ocrx_word' id='word_1_117' title='bbox 505 1801 671 1875; x_wconf 82' lang='lat' dir='ltr'>immensas</span> <span class='ocrx_word' id='word_1_118' title='bbox 687 1803 873 1896; x_wconf 77' lang='lat' dir='ltr'>minationis</span> <span class='ocrx_word' id='word_1_119' title='bbox 886 1801 994 1874; x_wconf 90' lang='lat' dir='ltr'>subire</span> <span class='ocrx_word' id='word_1_120' title='bbox 1012 1825 1050 1873; x_wconf 85' lang='lat' dir='ltr'>et</span> <span class='ocrx_word' id='word_1_121' title='bbox 1067 1803 1191 1896; x_wconf 81' lang='lat' dir='ltr'>perfer-</span> 
     </span>
     <span class='ocr_line' id='line_1_18' title="bbox 235 1897 1190 1998; baseline -0.007 -17"><span class='ocrx_word' id='word_1_122' title='bbox 235 1933 277 1982; x_wconf 89' lang='lat' dir='ltr'>re</span> <span class='ocrx_word' id='word_1_123' title='bbox 304 1907 499 1991; x_wconf 87' lang='lat' dir='ltr'>voluerint,</span> <span class='ocrx_word' id='word_1_124' title='bbox 533 1902 674 1998; x_wconf 86' lang='lat' dir='ltr'>operose</span> <span class='ocrx_word' id='word_1_125' title='bbox 702 1897 878 1996; x_wconf 84' lang='lat' dir='ltr'>multisque</span> <span class='ocrx_word' id='word_1_126' title='bbox 909 1902 1079 1975; x_wconf 86' lang='lat' dir='ltr'>adstnrere</span> <span class='ocrx_word' id='word_1_127' title='bbox 1108 1926 1190 1995; x_wconf 79' lang='lat' dir='ltr'>opus</span> 
     </span>
     <span class='ocr_line' id='line_1_19' title="bbox 128 2001 1235 2102; baseline -0.007 -21"><span class='ocrx_word' id='word_1_128' title='bbox 128 2031 129 2036; x_wconf 70' lang='grc'>’</span> <span class='ocrx_word' id='word_1_129' title='bbox 241 2033 308 2081; x_wconf 90' lang='lat' dir='ltr'>non</span> <span class='ocrx_word' id='word_1_130' title='bbox 325 2007 381 2094; x_wconf 80' lang='lat' dir='ltr'>esi,</span> <span class='ocrx_word' id='word_1_131' title='bbox 406 2029 483 2078; x_wconf 87' lang='lat' dir='ltr'>curn</span> <span class='ocrx_word' id='word_1_132' title='bbox 507 2029 558 2078; x_wconf 83' lang='lat' dir='ltr'>res</span> <span class='ocrx_word' id='word_1_133' title='bbox 580 2001 688 2098; x_wconf 86' lang='lat' dir='ltr'>perse</span> <span class='ocrx_word' id='word_1_134' title='bbox 709 2005 744 2073; x_wconf 89' lang='lat' dir='ltr'>id</span> <span class='ocrx_word' id='word_1_135' title='bbox 761 2002 968 2102; x_wconf 78' lang='lat' dir='ltr'>satitdoceat.</span> <span class='ocrx_word' id='word_1_136' title='bbox 1023 2007 1192 2076; x_wconf 80' lang='lat' dir='ltr'>Nouimus</span> <span class='ocrx_word' id='word_1_137' title='bbox 1234 2049 1235 2054; x_wconf 55' lang='lat'><em>=</em></span> 
     </span>
     <span class='ocr_line' id='line_1_20' title="bbox 240 2105 1190 2204; baseline -0.007 -21"><span class='ocrx_word' id='word_1_138' title='bbox 240 2109 417 2204; x_wconf 85' lang='lat' dir='ltr'>equidem,</span> <span class='ocrx_word' id='word_1_139' title='bbox 440 2108 496 2177; x_wconf 92' lang='lat' dir='ltr'>illo</span> <span class='ocrx_word' id='word_1_140' title='bbox 525 2110 644 2176; x_wconf 84' lang='lat' dir='ltr'>eodem</span> <span class='ocrx_word' id='word_1_141' title='bbox 665 2105 823 2196; x_wconf 84' lang='lat' dir='ltr'>temporis</span> <span class='ocrx_word' id='word_1_142' title='bbox 839 2105 1025 2186; x_wconf 86' lang='lat' dir='ltr'>interuallo,</span> <span class='ocrx_word' id='word_1_143' title='bbox 1052 2109 1190 2178; x_wconf 86' lang='lat' dir='ltr'>eGrae-</span> 
     </span>
     <span class='ocr_line' id='line_1_21' title="bbox 240 2203 1190 2302; baseline -0.004 -20"><span class='ocrx_word' id='word_1_144' title='bbox 240 2215 291 2282; x_wconf 89' lang='lat' dir='ltr'>cia</span> <span class='ocrx_word' id='word_1_145' title='bbox 316 2209 519 2302; x_wconf 81' lang='lat' dir='ltr'>permultos,</span> <span class='ocrx_word' id='word_1_146' title='bbox 538 2203 664 2294; x_wconf 81' lang='lat' dir='ltr'>eosque</span> <span class='ocrx_word' id='word_1_147' title='bbox 684 2210 769 2276; x_wconf 89' lang='lat' dir='ltr'>inter</span> <span class='ocrx_word' id='word_1_148' title='bbox 791 2207 1025 2276; x_wconf 86' lang='lat' dir='ltr'>Democritum</span> <span class='ocrx_word' id='word_1_149' title='bbox 1051 2207 1190 2278; x_wconf 76' lang='lat' dir='ltr'>Abderi</span> 
     </span>
     <span class='ocr_line' id='line_1_22' title="bbox 244 2306 1190 2404; baseline -0.01 -21"><span class='ocrx_word' id='word_1_150' title='bbox 244 2333 314 2394; x_wconf 85' lang='lat' dir='ltr'>ten,</span> <span class='ocrx_word' id='word_1_151' title='bbox 349 2308 557 2404; x_wconf 87' lang='lat' dir='ltr'>Oenopidem</span> <span class='ocrx_word' id='word_1_152' title='bbox 598 2306 729 2390; x_wconf 90' lang='lat' dir='ltr'>Chium,</span> <span class='ocrx_word' id='word_1_153' title='bbox 768 2307 972 2399; x_wconf 81' lang='lat' dir='ltr'>Euripidem,</span> <span class='ocrx_word' id='word_1_154' title='bbox 1008 2308 1190 2388; x_wconf 79' lang='lat' dir='ltr'>Platonem,</span> 
     </span>
     <span class='ocr_line' id='line_1_23' title="bbox 242 2404 1189 2501; baseline -0.01 -15"><span class='ocrx_word' id='word_1_155' title='bbox 242 2413 431 2490; x_wconf 84' lang='lat' dir='ltr'>Eudoxum,</span> <span class='ocrx_word' id='word_1_156' title='bbox 455 2411 600 2501; x_wconf 72' lang='lat' dir='ltr'>aliosque</span> <span class='ocrx_word' id='word_1_157' title='bbox 614 2405 816 2478; x_wconf 81' lang='lat' dir='ltr'>scientiarum</span> <span class='ocrx_word' id='word_1_158' title='bbox 835 2404 925 2476; x_wconf 77' lang='lat' dir='ltr'>musa</span> <span class='ocrx_word' id='word_1_159' title='bbox 943 2409 975 2475; x_wconf 89' lang='lat' dir='ltr'>in</span> <span class='ocrx_word' id='word_1_160' title='bbox 994 2411 1189 2500; x_wconf 74' lang='lat' dir='ltr'>Aegyptum</span> 
     </span>
     <span class='ocr_line' id='line_1_24' title="bbox 242 2505 1190 2606; baseline -0.006 -23"><span class='ocrx_word' id='word_1_161' title='bbox 242 2510 422 2606; x_wconf 69' lang='lat' dir='ltr'>profetios,</span> <span class='ocrx_word' id='word_1_162' title='bbox 446 2509 637 2604; x_wconf 85' lang='lat' dir='ltr'>ibidemque</span> <span class='ocrx_word' id='word_1_163' title='bbox 660 2509 874 2580; x_wconf 78' lang='lat' dir='ltr'>sacerdotum</span> <span class='ocrx_word' id='word_1_164' title='bbox 895 2505 1107 2578; x_wconf 84' lang='lat' dir='ltr'>institutione</span> <span class='ocrx_word' id='word_1_165' title='bbox 1120 2507 1190 2578; x_wconf 83' lang='lat' dir='ltr'>vsot</span> 
     </span>
     <span class='ocr_line' id='line_1_25' title="bbox 239 2608 1189 2704; baseline -0.005 -21"><span class='ocrx_word' id='word_1_166' title='bbox 239 2613 343 2702; x_wconf 80' lang='lat' dir='ltr'>fuisse,</span> <span class='ocrx_word' id='word_1_167' title='bbox 368 2611 486 2682; x_wconf 85' lang='lat' dir='ltr'>Graeci</span> <span class='ocrx_word' id='word_1_168' title='bbox 506 2613 594 2704; x_wconf 82' lang='lat' dir='ltr'>enim</span> <span class='ocrx_word' id='word_1_169' title='bbox 616 2608 801 2702; x_wconf 68' lang='lat' dir='ltr'>Aegpptips</span> <span class='ocrx_word' id='word_1_170' title='bbox 816 2610 905 2678; x_wconf 88' lang='lat' dir='ltr'>omni</span> <span class='ocrx_word' id='word_1_171' title='bbox 922 2627 994 2678; x_wconf 87' lang='lat' dir='ltr'>tum</span> <span class='ocrx_word' id='word_1_172' title='bbox 1012 2629 1084 2699; x_wconf 88' lang='lat' dir='ltr'>ope</span> <span class='ocrx_word' id='word_1_173' title='bbox 1101 2611 1189 2680; x_wconf 78' lang='lat' dir='ltr'>adin</span> 
     </span>
     <span class='ocr_line' id='line_1_26' title="bbox 237 2709 1190 2804; baseline -0.003 -23"><span class='ocrx_word' id='word_1_174' title='bbox 237 2713 373 2795; x_wconf 75' lang='lat' dir='ltr'>nebant.</span> <span class='ocrx_word' id='word_1_175' title='bbox 396 2713 504 2804; x_wconf 80' lang='lat' dir='ltr'>iisque</span> <span class='ocrx_word' id='word_1_176' title='bbox 521 2713 646 2803; x_wconf 79' lang='lat' dir='ltr'>iugum</span> <span class='ocrx_word' id='word_1_177' title='bbox 679 2709 837 2782; x_wconf 79' lang='lat' dir='ltr'>Persicum</span> <span class='ocrx_word' id='word_1_178' title='bbox 871 2711 1001 2798; x_wconf 85' lang='lat' dir='ltr'>penitus</span> <span class='ocrx_word' id='word_1_179' title='bbox 1031 2732 1190 2781; x_wconf 83' lang='lat' dir='ltr'>excutere</span> 
     </span>
     <span class='ocr_line' id='line_1_27' title="bbox 239 2807 1189 2904; baseline -0.006 -21"><span class='ocrx_word' id='word_1_180' title='bbox 239 2807 450 2896; x_wconf 81' lang='lat' dir='ltr'>¹conantibus,</span> <span class='ocrx_word' id='word_1_181' title='bbox 473 2835 571 2883; x_wconf 83' lang='lat' dir='ltr'>naues</span> <span class='ocrx_word' id='word_1_182' title='bbox 593 2811 771 2904; x_wconf 83' lang='lat' dir='ltr'>copiasque</span> <span class='ocrx_word' id='word_1_183' title='bbox 794 2810 1005 2890; x_wconf 77' lang='lat' dir='ltr'>auxiliatrices</span> <span class='ocrx_word' id='word_1_184' title='bbox 1028 2815 1189 2880; x_wconf 80' lang='lat' dir='ltr'>continno</span> 
     </span>
    </p>

    <p class='ocr_par' dir='ltr' id='par_1_7' title="bbox 171 2909 1234 3204">
     <span class='ocr_line' id='line_1_28' title="bbox 171 2909 1189 3004; baseline -0.005 -19"><span class='ocrx_word' id='word_1_185' title='bbox 171 2963 173 2966; x_wconf 94' lang='lat'>-</span> <span class='ocrx_word' id='word_1_186' title='bbox 239 2911 478 2993; x_wconf 84' lang='lat' dir='ltr'>submittebant,</span> <span class='ocrx_word' id='word_1_187' title='bbox 499 2934 612 3004; x_wconf 88' lang='lat' dir='ltr'>eoque</span> <span class='ocrx_word' id='word_1_188' title='bbox 644 2909 808 2982; x_wconf 86' lang='lat' dir='ltr'>beneficio</span> <span class='ocrx_word' id='word_1_189' title='bbox 836 2910 940 3004; x_wconf 81' lang='lat' dir='ltr'>gentis</span> <span class='ocrx_word' id='word_1_190' title='bbox 960 2909 1048 2978; x_wconf 82' lang='lat' dir='ltr'>illiue</span> <span class='ocrx_word' id='word_1_191' title='bbox 1083 2913 1189 2980; x_wconf 72' lang='lat' dir='ltr'>amici</span> 
     </span>
     <span class='ocr_line' id='line_1_29' title="bbox 239 3009 1190 3108; baseline -0.004 -22"><span class='ocrx_word' id='word_1_192' title='bbox 239 3019 318 3086; x_wconf 85' lang='lat' dir='ltr'>titm</span> <span class='ocrx_word' id='word_1_193' title='bbox 336 3030 371 3083; x_wconf 87' lang='lat' dir='ltr'>et</span> <span class='ocrx_word' id='word_1_194' title='bbox 393 3011 539 3084; x_wconf 78' lang='lat' dir='ltr'>fauorem</span> <span class='ocrx_word' id='word_1_195' title='bbox 557 3013 711 3100; x_wconf 76' lang='lat' dir='ltr'>maiorem</span> <span class='ocrx_word' id='word_1_196' title='bbox 728 3014 760 3081; x_wconf 90' lang='lat' dir='ltr'>in</span> <span class='ocrx_word' id='word_1_197' title='bbox 776 3011 910 3080; x_wconf 86' lang='lat' dir='ltr'>modum</span> <span class='ocrx_word' id='word_1_198' title='bbox 927 3009 1190 3108; x_wconf 79' lang='lat' dir='ltr'>demerebantur.</span> 
     </span>
     <span class='ocr_line' id='line_1_30' title="bbox 238 3110 1234 3204; baseline -0.01 -15"><span class='ocrx_word' id='word_1_199' title='bbox 238 3116 399 3201; x_wconf 80' lang='lat' dir='ltr'>Arenim,</span> <span class='ocrx_word' id='word_1_200' title='bbox 425 3133 462 3182; x_wconf 84' lang='lat' dir='ltr'>vt</span> <span class='ocrx_word' id='word_1_201' title='bbox 487 3115 592 3184; x_wconf 69' lang='lat' dir='ltr'>cundi</span> <span class='ocrx_word' id='word_1_202' title='bbox 617 3111 652 3182; x_wconf 89' lang='lat' dir='ltr'>hi</span> <span class='ocrx_word' id='word_1_203' title='bbox 673 3110 873 3182; x_wconf 86' lang='lat' dir='ltr'>institutione</span> <span class='ocrx_word' id='word_1_204' title='bbox 888 3111 1133 3204; x_wconf 81' lang='lat' dir='ltr'>qualicunque,</span> <span class='ocrx_word' id='word_1_205' title='bbox 1157 3133 1190 3180; x_wconf 86' lang='lat' dir='ltr'>er</span> <span class='ocrx_word' id='word_1_206' title='bbox 1233 3123 1234 3126; x_wconf 75' lang='grc'>’</span> 
     </span>
    </p>

    <p class='ocr_par' dir='ltr' id='par_1_8' title="bbox 205 3209 1189 3508">
     <span class='ocr_line' id='line_1_31' title="bbox 205 3209 1189 3294; baseline -0.006 -6"><span class='ocrx_word' id='word_1_207' title='bbox 205 3225 209 3233; x_wconf 87' lang='grc'>’</span> <span class='ocrx_word' id='word_1_208' title='bbox 237 3213 478 3288; x_wconf 84' lang='lat' dir='ltr'>consuetudine</span> <span class='ocrx_word' id='word_1_209' title='bbox 511 3213 723 3285; x_wconf 79' lang='lat' dir='ltr'>sacerdotum</span> <span class='ocrx_word' id='word_1_210' title='bbox 747 3209 792 3280; x_wconf 88' lang='lat' dir='ltr'>vsr</span> <span class='ocrx_word' id='word_1_211' title='bbox 814 3209 956 3294; x_wconf 87' lang='lat' dir='ltr'>fuerint,</span> <span class='ocrx_word' id='word_1_212' title='bbox 980 3212 1127 3282; x_wconf 83' lang='lat' dir='ltr'>dubitari</span> <span class='ocrx_word' id='word_1_213' title='bbox 1149 3235 1189 3282; x_wconf 88' lang='lat' dir='ltr'>ta-</span> 
     </span>
     <span class='ocr_line' id='line_1_32' title="bbox 239 3309 1188 3409; baseline -0.006 -23"><span class='ocrx_word' id='word_1_214' title='bbox 239 3338 314 3386; x_wconf 90' lang='lat' dir='ltr'>men</span> <span class='ocrx_word' id='word_1_215' title='bbox 337 3333 404 3384; x_wconf 89' lang='lat' dir='ltr'>non</span> <span class='ocrx_word' id='word_1_216' title='bbox 430 3315 595 3385; x_wconf 86' lang='lat' dir='ltr'>immerito</span> <span class='ocrx_word' id='word_1_217' title='bbox 616 3309 741 3409; x_wconf 81' lang='lat' dir='ltr'>potest,</span> <span class='ocrx_word' id='word_1_218' title='bbox 766 3309 973 3381; x_wconf 86' lang='lat' dir='ltr'>voluerintne</span> <span class='ocrx_word' id='word_1_219' title='bbox 996 3329 1115 3382; x_wconf 74' lang='lat' dir='ltr'>omnen</span> <span class='ocrx_word' id='word_1_220' title='bbox 1136 3313 1188 3381; x_wconf 86' lang='lat' dir='ltr'>ini·</span> 
     </span>
     <span class='ocr_line' id='line_1_33' title="bbox 241 3411 1189 3508; baseline -0.007 -21"><span class='ocrx_word' id='word_1_221' title='bbox 241 3417 381 3494; x_wconf 84' lang='lat' dir='ltr'>tintinnit</span> <span class='ocrx_word' id='word_1_222' title='bbox 407 3416 630 3508; x_wconf 77' lang='lat' dir='ltr'>Aegyptiacae</span> <span class='ocrx_word' id='word_1_223' title='bbox 652 3413 778 3482; x_wconf 80' lang='lat' dir='ltr'>labores</span> <span class='ocrx_word' id='word_1_224' title='bbox 801 3431 836 3482; x_wconf 88' lang='lat' dir='ltr'>et</span> <span class='ocrx_word' id='word_1_225' title='bbox 856 3411 1016 3480; x_wconf 81' lang='lat' dir='ltr'>molestias</span> <span class='ocrx_word' id='word_1_226' title='bbox 1040 3415 1189 3496; x_wconf 72' lang='lat' dir='ltr'>tolerare,</span> 
     </span>
    </p>

    <p class='ocr_par' dir='ltr' id='par_1_9' title="bbox 117 3509 1190 3604">
     <span class='ocr_line' id='line_1_34' title="bbox 117 3509 1190 3604; baseline -0.007 -15"><span class='ocrx_word' id='word_1_227' title='bbox 117 3569 120 3574; x_wconf 83' lang='lat'>·</span> <span class='ocrx_word' id='word_1_228' title='bbox 189 3567 193 3576; x_wconf 87' lang='lat'>-</span> <span class='ocrx_word' id='word_1_229' title='bbox 240 3537 276 3588; x_wconf 90' lang='lat' dir='ltr'>et</span> <span class='ocrx_word' id='word_1_230' title='bbox 297 3515 363 3585; x_wconf 92' lang='lat' dir='ltr'>hoc</span> <span class='ocrx_word' id='word_1_231' title='bbox 394 3515 517 3600; x_wconf 88' lang='lat' dir='ltr'>modo,</span> <span class='ocrx_word' id='word_1_232' title='bbox 555 3515 596 3583; x_wconf 88' lang='lat' dir='ltr'>ad</span> <span class='ocrx_word' id='word_1_233' title='bbox 639 3512 829 3583; x_wconf 86' lang='lat' dir='ltr'>fruitionem</span> <span class='ocrx_word' id='word_1_234' title='bbox 867 3509 1122 3604; x_wconf 77' lang='lat' dir='ltr'>priuilegiomm</span> <span class='ocrx_word' id='word_1_235' title='bbox 1161 3515 1190 3580; x_wconf 88' lang='lat' dir='ltr'>il-</span> 
     </span>
    </p>

    <p class='ocr_par' dir='ltr' id='par_1_10' title="bbox 210 3609 1190 3810">
     <span class='ocr_line' id='line_1_35' title="bbox 210 3609 1189 3705; baseline -0.005 -17"><span class='ocrx_word' id='word_1_236' title='bbox 210 3617 313 3697; x_wconf 61' lang='lat' dir='ltr'>*lium</span> <span class='ocrx_word' id='word_1_237' title='bbox 339 3617 423 3684; x_wconf 83' lang='lat' dir='ltr'>riam</span> <span class='ocrx_word' id='word_1_238' title='bbox 451 3611 509 3686; x_wconf 84' lang='lat' dir='ltr'>libi</span> <span class='ocrx_word' id='word_1_239' title='bbox 533 3614 681 3684; x_wconf 84' lang='lat' dir='ltr'>sternere.</span> <span class='ocrx_word' id='word_1_240' title='bbox 753 3609 906 3704; x_wconf 83' lang='lat' dir='ltr'>Suspicor</span> <span class='ocrx_word' id='word_1_241' title='bbox 925 3611 1030 3705; x_wconf 83' lang='lat' dir='ltr'>sane,</span> <span class='ocrx_word' id='word_1_242' title='bbox 1060 3637 1106 3682; x_wconf 88' lang='lat' dir='ltr'>ex</span> <span class='ocrx_word' id='word_1_243' title='bbox 1136 3615 1189 3698; x_wconf 78' lang='lat' dir='ltr'>his,</span> 
     </span>
     <span class='ocr_line' id='line_1_36' title="bbox 242 3711 1190 3810; baseline -0.005 -24"><span class='ocrx_word' id='word_1_244' title='bbox 242 3737 327 3810; x_wconf 80' lang='lat' dir='ltr'>quor</span> <span class='ocrx_word' id='word_1_245' title='bbox 347 3715 525 3810; x_wconf 84' lang='lat' dir='ltr'>nominaui,</span> <span class='ocrx_word' id='word_1_246' title='bbox 548 3715 775 3788; x_wconf 85' lang='lat' dir='ltr'>Democritum</span> <span class='ocrx_word' id='word_1_247' title='bbox 793 3733 826 3782; x_wconf 89' lang='lat' dir='ltr'>et</span> <span class='ocrx_word' id='word_1_248' title='bbox 847 3711 1037 3798; x_wconf 82' lang='lat' dir='ltr'>Eudoxum,</span> <span class='ocrx_word' id='word_1_249' title='bbox 1061 3715 1190 3784; x_wconf 78' lang='lat' dir='ltr'>alicuius</span> 
     </span>
    </p>

    <p class='ocr_par' dir='ltr' id='par_1_11' title="bbox 644 3815 1233 3902">
     <span class='ocr_line' id='line_1_37' title="bbox 644 3815 1233 3902; baseline -0.012 -13"><span class='ocrx_word' id='word_1_250' title='bbox 644 3829 662 3871; x_wconf 57' lang='grc' dir='ltr'>’δ’</span> <span class='ocrx_word' id='word_1_251' title='bbox 1085 3815 1186 3886; x_wconf 79' lang='lat' dir='ltr'>salton</span> <span class='ocrx_word' id='word_1_252' title='bbox 1232 3837 1233 3902; x_wconf 53' lang='lat' dir='ltr'>p</span> 
     </span>
    </p>
   </div>
   <div class='ocr_carea' id='block_1_3' title="bbox 0 0 1251 4284">
    <p class='ocr_par' dir='ltr' id='par_1_12' title="bbox 0 0 1251 4284">
     <span class='ocr_line' id='line_1_38' title="bbox 0 0 1251 4284; baseline 0 0"><span class='ocrx_word' id='word_1_253' title='bbox 0 0 1251 4284; x_wconf 95' lang='lat' dir='ltr'> </span> 
     </span>
    </p>
   </div>
  </div>
 </body>
</html>
