2524 4284
96 255 145 271 .,
260 164 858 284 snousoomsum
997 99 1049 244 v=
1175 252 1178 278 Ι

143 337 194 434 ·§.
218 341 258 415 ll.
308 343 352 417 Ea
382 345 481 437 iginu
501 344 543 416 'de
559 339 656 416 'caub
679 342 807 438 semper
830 341 943 431 fuere,
972 347 1033 440 qui

79 444 178 524 omni
196 445 280 532 op‘e,
305 445 468 536 animique
482 446 692 528 contentione
705 445 738 530 id
753 462 900 538 agerent,
922 463 985 535 ιιι,
1007 441 1033 516 fi

79 539 157 612 fieri
170 539 508 634 pollet,-'in·intimos
528 543 737 640 Theologiae
750 565 901 617 veterum
923 545 1034 638 begy-

80 641 230 757 priorum
244 645 379 714 recellas
392 641 654 741 pompeiam,
676 647 825 740 illiusque
840 668 950 718 arcana
965 649 1048 742 aliis¹

81 745 247 834 aperirent
263 764 298 814 et
298 745 518 838 explicarent.
571 749 681 836 Quem
702 748 912 818 eruditorum
935 748 1034 818 latere

81 839 210 951 potest
235 846 318 938 quid
336 847 419 916 hac'
411 870 442 914 tn
459 870 496 916 re
511 847 719 938 praestiterit,
748 867 804 918 aut
824 868 915 918 certe
937 867 1035 939 prae-

82 898 610 1029 liarevolueritnruooorvs,
634 949 726 1041 quid
750 949 1036 1019 oaonottvsSa‘·
1080 1009 1082 1016 .

54 1109 59 1116 .
83 1043 194 1125 culus,
234 1032 315 1138 quid
332 1068 636 1139 ouvraucnvs,
667 1049 757 1141 quid
771 1047 1037 1143 postbostcuta·

82 1147 194 1217 nerine
225 1169 511 1232 ιοιιιιιιιιιινι,
533 1170 796 1219 tametrcravs
818 1167 853 1218 et
877 1173 1038 1222 macno·

82 1267 200 1329 orvs,
232 1249 315 1342 quid
330 1269 438 1318 conam
429 1247 591 1335 suerint,
613 1270 651 1322 ac
665 1250 704 1321 ad
719 1269 944 1343 argumentum
968 1251 1038 1322 hoc
1158 1313 1162 1322 .

83 1342 305 1420 illustrandum
321 1349 535 1434 contulerint,
557 1303 748 1442 Sbnprores
755 1347 921 1432 nostrates,
939 1373 1038 1421 cer-

61 1535 69 1542 ,
84 1469 201 1522 naus
214 1448 463 1538 Arxandrinm,
478 1456 623 1520 enabat
634 1463 696 1534 ιιι,
717 1471 817 1543 atque
831 1471 959 1541 praeter
974 1451 1038 1522 hos
1156 1465 1158 1478 '

83 1549 137 1620 alii
160 1547 277 1620 causac
296 1549 547 1623 Christianorum
568 1549 717 1640 aduersis
734 1549 949 1621 Etbnicorum
975 1553 1038 1622 ob·
1149 1601 1153 1610 ·
1204 1563 1206 1571 ⁴

83 1649 308 1742 uenationes,
335 1649 519 1722 defensores
533 1670 631 1744 atque
644 1651 809 1720 vindices?
835 1643 971 1746 Absq'ue
987 1651 1037 1722 his

82 1751 285 1838 potioribus,
308 1753 342 1821 in
360 1771 550 1846 argumento
562 1752 630 1823 boc
645 1773 755 1846 magna
770 1752 1039 1823 cum'laudever·

75 1851 177 1946 latis,
203 1851 311 1941 eliet,¹
332 1851 433 1924 hodie
450 1855 482 1924 in
495 1851 682 1948 Theologia
698 1855 938 1946 Aegyptiorum
954 1851 1035 1924 nibil
1170 1869 1173 1880 '

83 1955 182 2048 plane
197 1975 412 2025 cerneremus.
460 1956 570 2032 Gratia
592 1953 731 2046 proinde
752 1953 819 2037 bis,
850 1975 958 2044 neque
972 1955 1036 2024 mi-

84 2056 200 2144 nima,
229 2051 376 2125 habenda
399 2053 470 2137 eli,
502 2051 631 2148 quod
621 2077 654 2124 m
676 2055 858 2144 Cimmeriis
878 2053 928 2124 his
947 2073 1038 2125 tene-
1093 2095 1095 2108 -

84 2156 174 2240 bris,
199 2151 339 2248 aliquam
362 2155 455 2226 nobis
476 2151 579 2224 facem
595 2137 820 2247 praetulerint,
853 2155 945 2228 cuius
969 2177 1038 2246 ope

83 2275 201 2338 nunc,
236 2257 389 2349 quamuis
409 2279 476 2326 non
498 2247 593 2325 line'
584 2258 705 2347 ingenti
732 2257 869 2338 labore,
918 2277 1044 2364 verum¹
1108 2262 1111 2271 “
1197 2243 1200 2250 ⁴

85 2366 105 2427 'a
128 2351 203 2426 falso
229 2355 434 2444 discernere,
465 2375 498 2426 at
524 2377 566 2426 ue
580 2377 624 2426 cx
643 2355 811 2448 caliginosa
834 2355 942 2444 abyll'o
956 2378 1036 2432 cru·

36 2454 40 2462 ’
83 2478 184 2552 tum,
209 2457 254 2526 in
276 2458 420 2552 apricum
423 2377 593 2549 prolerre
614 2457 797 2548 possumus
869 2456 960 2528 Niltil
984 2455 1037 2526 di-

83 2581 158 2628 cam
173 2511 222 2626 ²lle
243 2557 505 2642 recentioribus,
541 2579 601 2650 qus
591 2555 747 2651 velligia
760 2574 919 2640 ueterum
925 2557 1036 2649 legem·
1081 2570 1084 2578 '

84 2681 163 2742 tes,
199 2680 382 2752 eorumque
406 2655 681 2729 obseruationibus
703 2657 777 2751 uli,
816 2657 859 2729 de
878 2655 1036 2730 illustran-

83 2762 135 2843 do
156 2777 192 2828 et
210 2759 406 2852 explicando
425 2759 544 2830 eodem
573 2779 791 2851 argumento,
828 2759 935 2842 serio,
974 2782 1034 2830 ne-
1117 2837 1119 2842 ,
1177 2854 1179 2865 Ι

83 2878 156 2954 que
177 2857 242 2930 stne
267 2861 356 2930 omni
378 2858 519 2930 succeliu
550 2861 743 2952 cogitarunt.
817 2863 962 2955 ingratus
984 2857 1035 2930 es-

78 2959 176 3046 sem,
212 2958 235 3030 fi
257 2960 300 3030 de
320 2960 462 3052 ipsumam
483 2959 645 3030 laboribus
668 2983 706 3031 ac
719 2960 865 3034 laudibus
880 2958 1033 3032 detrabe·

82 3085 181 3147 rem,
219 3081 330 3154 noque
349 3060 496 3154 ipsorum
516 3061 643 3154 egregia
664 3064 775 3132 merita
787 3059 959 3154 agnoscere
974 3079 1032 3130 aut
1138 3089 1146 3114 ι

80 3117 271 3257 praedicare
293 3159 421 3264 vellem.
490 3167 790 3260 Quantumcunque
821 3181 931 3246 vero,
965 3161 1061 3230 viri,
1201 3149 1211 3170 '

82 3263 258 3334 immortali
285 3258 442 3334 memoria
472 3261 588 3356 digni,
630 3251 766 3333 deboc
796 3259 908 3330 nostro
934 3281 1032 3356 argu-
1046 3333 1051 3348 ,
1119 3299 1120 3307 1

81 3381 199 3434 mento
222 3364 329 3433 meriti
348 3359 434 3460 lint,
471 3360 569 3432 aulrm
589 3381 722 3443 umen,
745 3364 899 3456 quoniam
917 3382 973 3430 res
992 3359 1030 3430 id
1105 3417 1106 3422 ,
1213 3392 1220 3414 ι

19 3528 25 3539 .
80 3463 249 3558 postulat,
288 3462 390 3535 libere
435 3459 584 3546 rofireri,
622 3463 793 3578 genuinam
822 3459 1029 3553 Th'e‘ologiat

80 3567 312 3660 Aegyptiacae
333 3487 527 3651 indolem,
524 3584 730 3657 verumque
754 3563 821 3632 eius
849 3561 1028 3654 ingenium,

81 3687 152 3736 non
171 3663 241 3736 satis
261 3653 432 3757 perspicue
452 3619 601 3734 habenas
614 3659 825 3746 declaratum,
850 3682 958 3754 neque
971 3662 1028 3745 ita,

81 3787 122 3836 vt
142 3766 344 3858 merebatur,
377 3765 520 3836 dilucida
537 3785 573 3835 et
592 3763 734 3836 distinde
754 3765 952 3864 explicatum
971 3759 1027 3830 fu·

80 3865 147 3942 ille.
206 3869 327 3940 Vtrum
347 3887 428 3942 vero
448 3864 537 3938 idena
556 3863 683 4062 lpppp
671 3886 824 3953 conatus,
855 3861 934 3936 mihi
954 3860 1026 3932 feli-

955 3963 1026 4036 cius
