2532 4294
558 175 957 270 PRAEFATIO.
1109 188 1143 272 '.

260 342 482 500 'genuinam
517 405 568 468 ex
590 377 848 496 striproribus
870 361 1060 498 optimisss
1087 406 1233 500 quantu

256 534 390 648 ‘potui
414 523 602 616 industria
624 553 826 629 eruerem,
848 555 995 645 eroque
1016 529 1067 618 ab
1083 531 1233 620 addita·

268 677 418 766 meotis
440 699 483 764 et
499 674 880 790 interpolationibus
896 675 1150 768 Graecorum
1172 709 1233 768 re·

117 829 121 840 “
267 823 518 946 certioribus
548 819 712 910 sollicite
752 821 1010 919 secernerem.
1065 827 1163 916 Erat
1190 829 1233 920 id

265 975 405 1090 vtique
427 969 612 1059 nonnihil
627 969 873 1062 laboriosum
890 997 932 1062 et
956 972 1139 1080 difficile3
1165 973 1233 1066 sed

116 1183 157 1200 ..
266 1145 308 1211 et
332 1118 509 1208 frustum
533 1118 803 1234 promittebat
834 1143 950 1210 tanto
978 1123 1233 1228 uberiorem¹

233 1271 389 1386 ’quem
411 1293 480 1354 rue
504 1264 769 1354 consecutum
800 1291 967 1386 quoque
996 1269 1072 1358 effe
1102 1269 1233 1388 spero.

153 1442 157 1456 ·
265 1417 427 1506 Deinde
440 1441 561 1520 vero,
575 1413 618 1500 in
633 1413 677 1500 id
692 1415 813 1502 etiarn
829 1413 966 1506 sedulo
982 1416 1171 1520 incubui,
1185 1444 1233 1512 vt

261 1564 430 1654 nomina
458 1561 646 1670 Deorum
681 1561 1008 1682 Aegyptiorum,
1056 1566 1233 1686 aliaque¹

263 1741 367 1830 quae
384 1709 600 1828 Aegyptiis
615 1710 778 1825 propria
793 1710 903 1800 uiue
917 1715 1132 1818 nouimus,
1144 1745 1233 1808 noo

128 1885 134 1910 ¹
264 1891 313 1950 ex
327 1858 561 1978 peregrino,
587 1855 895 1968 Hebraeorum,
925 1861 1133 1966 Arabum,
1160 1889 1233 1960 tut

99 2069 105 2076 ·
262 2012 385 2100 etiam
401 2001 676 2108 omentorum,
692 2001 897 2112 stratone,
917 2011 990 2128 qui
1003 2000 1232 2104 multorum

220 2194 227 2207 1
262 2169 362 2248 mor
374 2154 448 2259 est;
461 2153 592 2244 sodex
606 2155 712 2254 auita
727 2156 1032 2276 Aegyptiorum
1047 2159 1232 2268 dialetio,

261 2308 377 2396 cuius
393 2303 580 2420 reliquiae
594 2302 852 2418 ampliffirnae
865 2329 909 2394 et
922 2305 1232 2424 copiosrffnnae.

260 2457 305 2545 io
320 2455 455 2568 lingua
467 2451 523 2538 ita
537 2450 642 2540 diua
650 2448 850 2569 Coptica,
877 2435 1083 2572 hodieque
1098 2455 1232 2573 super·

254 2586 373 2705 suut,
399 2597 616 2714 diligenter
644 2597 887 2714 explicarem
916 2631 963 2692 ac
990 2603 1232 2700 illustrarent

129 2811 142 2818 -
244 2747 344 2865 ¹His
374 2749 508 2866 itaque
539 2742 716 2836 subsidiis
750 2746 983 2854 introitus,
1014 2754 1056 2840 in
1078 2751 1232 2864 studio¹

242 2896 401 2988 ‘multis
428 2894 686 3012 ceteroquin,
719 2898 1231 3016 magnisque‘difficultati·

261 3044 338 3136 bus
353 3042 575 3159 impedito,
599 3039 827 3158 progressus
842 3046 1034 3160 paulatim
1048 3047 1129 3142 feci
1145 3031 1231 3142 nou

256 3192 557 3312 poenitendos,
582 3217 735 3306 eosque
764 3219 834 3278 me
863 3190 1016 3299 secuit,
1043 3227 1141 3286 curn
1165 3201 1231 3288 ali·

260 3371 348 3459 quo
363 3337 615 3429 certitudinis
634 3335 742 3428 sensu
764 3319 951 3434 intellexi.
1008 3347 1152 3434 Tuum
1167 3376 1231 3437 ve·

264 3475 634 3598 roe'rit‚Beneuole
650 3511 692 3575 et
704 3487 877 3577 candide
889 3491 1057 3594 Leuor,
1072 3492 1231 3584 arbitra·

265 3639 314 3740 ri,
329 3662 428 3725 num
449 3635 548 3750 quid
561 3632 642 3751 spei
656 3655 698 3723 et
712 3637 902 3752 opinioni
917 3671 1045 3746 meae,
1061 3666 1231 3736 tuentur

265 3783 529 3906 responderit

1101 4015 1230 4116 Coro
