2570 4286
441 183 1120 328 uuanuan1o''

206 429 299 540 dim,
313 425 411 548 quae
426 430 610 542 superiori
627 457 716 515 vere
728 488 742 531 ,
756 457 802 517 ec
816 431 949 517 aestate
961 427 1043 517 fe're
1058 451 1147 520 tota
1164 465 1249 524 cor·

205 551 404 664 pasculum
419 577 497 632 non
520 547 764 632 mediocriter
787 547 932 634 afflixit.
1009 549 1183 642 'Fadium
1203 583 1252 640 eo

205 671 272 776 est,
289 689 332 752 vt
346 662 491 752 nonnisi
505 689 605 748 anno
620 668 698 750 iam
715 665 919 769 inclinato,
940 693 1096 782 eaquae
1115 675 1253 754 etiam·

60 873 64 882 ,
87 781 112 897 j
204 785 302 874 num
318 781 644 876 deliderabautur,
664 779 904 896 Bibliopolae
918 789 1073 896 optimo
1097 789 1252 874 tradere

205 905 411 1018 potuerim.
467 977 473 988 .

288 1131 448 1218 Fatebor
463 1151 591 1218 tamen
607 1135 742 1241 etiam,
760 1160 833 1220 nee
851 1137 1018 1243 inuims,
1030 1139 1166 1224 Partes
1184 1141 1252 1225 du·'

204 1281 246 1340 as
267 1250 432 1338 Panthei
454 1251 674 1359 postremas,
711 1251 836 1337 multo
861 1252 947 1363 plus
968 1259 1123 1362 negotii
1151 1257 1251 1340 mihi

168 1387 180 1404 ‘
204 1366 431 1471 facelfiuisse,
446 1367 634 1479 longeque
649 1368 790 1451 diutius
798 1365 1018 1478 patientiam
1034 1397 1174 1458 meam
1188 1403 1251 1458 ex·

203 1484 370 1588 creuisse,
384 1504 424 1568 et
438 1483 606 1570 velutad
621 1485 839 1596 languorem
854 1485 1009 1598 dedilie,
1038 1505 1163 1602 atque
1182 1494 1249 1577 ini·

203 1611 260 1692 tio
277 1603 518 1690 credideram.

282 1845 408 1941 Dum,
424 1841 623 1950 antequam
645 1834 710 1920 illa
734 1833 956 1946 scriberem,
980 1833 1158 1926 Panthei
1172 1843 1248 1924 mei

201 1961 348 2048 Partem
357 1955 524 2066 primam
539 1971 710 2035 accurate
726 1951 855 2060 relegi,
872 1955 1054 2068 quaedam
1066 1951 1179 2039 inter
1195 1957 1246 2040 le.

201 2073 370 2181 gendum
383 2072 420 2154 se
435 2071 530 2153 mihi
546 2066 777 2176 obtuleruut,
792 2069 841 2155 de
856 2069 1064 2188 quibusTn
1078 2071 1246 2160 hiemo-

201 2215 312 2299 nere,
332 2215 496 2301 aequum
518 2186 631 2270 duco.

282 2421 322 2502 Ρ.
345 2427 408 2524 78
431 2441 573 2522 nomen
587 2413 779 2526 Neithnr,
801 2419 877 2508 liue
897 2353 1241 2526 MinemaeAegy-

122 2625 124 2630 .
197 2557 355 2668 primae,
374 2579 395 2636 a
412 2547 530 2634 verbo
546 2560 622 2636 libr
643 2550 796 2659 deduxi,
810 2551 915 2668 qnod
931 2551 1144 2658 decernere,
1160 2549 1241 2637 fine
1273 2548 1274 2571 ¹

89 2773 94 2780 ,
197 2667 380 2758 ardinnae
395 2665 583 2775 significae
642 2665 734 2752 nn
747 2693 862 2784 ergo,
892 2673 945 2752 ita
965 2669 1097 2753 sonant
1112 2669 1238 2753 verba
1272 2743 1273 2792 ,

74 2833 76 2838 ·
197 2829 296 2908 mea,
319 2806 471 2910 ilem
494 2803 715 2910 decernens,
750 2801 997 2916 constituens,
1028 2803 1236 2890 ordinans.

195 2926 324 3007 Huius
340 2919 612 3030 etymologiae,
638 2922 721 3029 post
743 2919 959 3004 adhibitum
985 2925 1126 3004 iterum
1144 2921 1237 3005 dili·
1271 2933 1272 3014 i

195 3065 289 3148 gens
310 3058 350 3120 et
381 3036 518 3122 serium
541 3061 728 3140 examen,
770 3037 936 3120 necdum
956 3065 1026 3138 mc,
1041 3038 1234 3146 poenitet

152 3210 157 3219 ,
195 3155 282 3258 Ast,
309 3151 375 3236 vbi
390 3173 476 3238 ante
491 3152 645 3266 aliquod
667 3175 837 3262 tempus,
860 3149 1007 3238 occafio
1024 3152 1120 3235 mihi
1141 3155 1236 3238 effer

94 3311 97 3320 v
194 3267 377 3375 subnata,
404 3295 489 3353 eam
516 3275 722 3354 accuratius
746 3269 992 3379 explorandi,
1017 3269 1232 3378 analogiam

39 3445 40 3452 Ν
195 3407 476 3514 grammaticam
509 3407 698 3518 requirere
728 3403 981 3512 deprehendi,
1020 3426 1105 3489 vta
1132 3411 1230 3508 liar,
1269 3457 1270 3461 κ

193 3536 383 3625 formetur
407 3543 561 3640 llur‘r,
582 3559 622 3623 et
637 3544 788 3639 ΗΗιῦ,
810 3539 916 3652 quod
940 3557 1147 3652 verumque
1171 3570 1228 3624 re·

194 3674 257 3760 ae
272 3695 311 3763 et
322 3673 514 3780 analogice
528 3667 697 3755 adhiberi
712 3672 843 3778 potest.
882 3671 1081 3779 Posterius,
1095 3685 1227 3760 aaruml
1268 3671 1269 3683 '

151 3872 156 3896 ,
193 3818 354 3904 nempe,
373 3787 517 3900 Nerea,
540 3787 648 3908 vides!
670 3787 760 3912 elie,
784 3781 1003 3901 ipsrffinum
1028 3819 1224 3876 rerun-
1267 3870 1268 3904 ,

1138 3937 1221 3995 ms
