2520 4284
237 139 452 228 nnvars,
485 143 813 252 nrnovmvs.
956 165 993 240 aa

55 317 179 413 quando
193 373 213 410 ,,
229 317 288 390 vbi
311 318 445 394 endiis
467 303 621 391 solaribbr
648 323 738 392 Luna
762 323 826 394 iam
849 295 1025 410 emersit,“
1114 321 1115 326 ’

53 411 263 494 inuuiern'n
276 416 382 490 mrsus
395 440 539 512 apparet,
556 441 593 492 et
615 443 737 492 conrua
756 424 835 508 eius,
859 418 880 459 ⁴*
904 447 990 518 quae
1099 484 1103 498 r

52 543 124 592 cum
148 523 276 594 bouinis
298 521 568 615 comparabantur
588 521 630 592 ab
653 525 844 617 Aegyptiis,
874 526 934 594 iam
948 527 988 595 ab

51 621 231 706 bominibus
252 619 449 715 postliminio
465 620 718 714 conspiciumun
774 629 866 696 Haec
881 628 989 696 omnia

49 723 190 796 Horiaon
203 723 297 794 nobis
311 719 461 814 ostendit,
484 746 522 792 ac
535 721 637 796 veluti
652 723 820 815 producit.
871 727 989 798 Anubis

52 825 166 924 igitur,
191 826 225 894 in
240 824 301 894 bac
322 843 460 918 quoque
482 823 589 894 fabula
611 825 761 916 mystica,
782 828 956 900 Horizonre

51 927 215 1000 euideruer
228 925 414 1028 refigere,
641 966 643 975 ·
917 984 920 994 .
951 953 956 965 ·

125 1048 223 1162 §.up
272 1063 333 1151 lis,
358 1061 738 1158 quaenuncattuiinrus‚
765 1063 923 1148 Vi,aliod
938 1065 987 1136 in·
1037 1075 1173 1164 Pergr'rur

50 1165 141 1260 super
162 1167 315 1238 addamus
334 1183 569 1258 argumentum.
635 1163 849 1236 Desumemus
869 1167 948 1238 illud
968 1179 985 1240 'a
1005 1161 1039 1234 io
1081 1159 1175 1224 rodem

49 1268 305 1362 comparatione,
329 1286 425 1355 quam
443 1265 560 1348 Graeci
578 1259 665 1334 inter
683 1263 854 1337 Arubidem
875 1271 988 1364 Aegy·
1005 1263 1185 1344 ‘'SWW

49 1371 211 1462 priorum,
247 1363 406 1457 suumque
418 1363 633 1444 Mercurium,
676 1364 841 1439 instituere
870 1365 989 1449 solent.

47 1473 100 1542 De
116 1465 173 1538 illo
188 1487 328 1558 namque
342 1466 532 1560 loquentes,
548 1464 673 1560 semper
686 1463 757 1538 fere
769 1491 844 1538 eum
857 1468 990 1568 Ἑρμῆν,

48 1573 81 1642 id
93 1569 148 1641 est
171 1561 364 1639 Mercurium
403 1586 606 1660 nuncupant,
652 1585 688 1636 et
722 1568 988 1662 interpretantur,

48 1673 138 1768 quod
153 1693 200 1742 ex
220 1667 440 1759 superioribus
460 1665 531 1766 sartio
555 1668 666 1760 liquet.
714 1669 869 1763 Aliquam
890 1695 987 1766 ergo,

47 1793 99 1844 aut
119 1795 154 1844 re
176 1768 242 1864 ipsa
263 1767 571 1860 deprehenderunt,
588 1766 907 1862 ‚uutdeptehendiffe
929 1768 987 1844 visi

46 1872 99 1944 sni
115 1871 210 1954 sunt,
233 1873 319 1942 inrer
332 1865 521 1961 Anubidem,
545 1871 704 1962 suumque
717 1872 923 1972 Mercurium,
937 1871 987 1944 af·

45 1975 202 2046 finitatem
214 1978 256 2041 'ac
270 1967 517 2044 fimilinrdinem.
546 1985 550 1992 '
574 1971 676 2042 Cuius
690 1971 736 2037 rei
750 1991 816 2038 non
828 1973 989 2046 existima.

46 2077 147 2146 uerim
164 2075 319 2144 rationem
336 2069 425 2161 posse
438 2071 633 2164 suppeditari
648 2069 899 2161 probabiliorem
916 2073 986 2168 bac,
1130 2139 1133 2148 ,

45 2179 135 2269 quod
157 2176 273 2262 Graeci
293 2173 486 2242 Mercurium
513 2171 605 2243 suum
626 2171 799 2252 finxerint,
834 2174 987 2268 superum
1048 2243 1050 2250 ,

44 2295 277 2348 commentorem
288 2293 318 2344 er
331 2275 477 2367 inferum,
485 2272 629 2366 ideoque
644 2293 720 2344 eum
728 2294 810 2342 nunc
818 2291 891 2344 otro
905 2273 987 2348 runc

44 2403 140 2452 aurea
151 2379 240 2478 secie
250 2375 417 2468 fieblr'mem
442 2371 612 2462 finxerint,
648 2373 743 2469 quod
766 2373 871 2464 ipsum
892 2399 984 2449 aov-

45 2503 183 2573 rrrvs,
214 2477 245 2576 §.
266 2499 312 2549 ro.
331 2478 463 2562 ailrrus,
495 2475 592 2544 etiam
613 2473 658 2544 de
678 2471 817 2544 maome
835 2471 984 2552 affirmat.

43 2585 124 2656 Noti
152 2579 225 2652 sunt
242 2599 483 2649 convornur
516 2575 559 2649 de
584 2575 740 2659 Mercurio
761 2573 891 2665 versus,
921 2579 983 2671 qui

43 2687 243 2758 Graecorum
270 2677 313 2748 de
340 2698 384 2749 eo
411 2675 627 2770 Theologirm
656 2665 784 2778 op'rime
810 2675 904 2750 nobb
924 2701 984 2754 ex.
1125 2733 1129 2740 ,

41 2805 180 2891 ponunt.

65 2935 104 2984 **
129 2935 267 3010 Arimis
286 2937 400 3028 Teguee
418 2951 522 3025 nepos,
544 2951 703 3000 commune
709 2925 881 3028 profundis

88 3045 129 3114 D
134 3041 260 3134 superis
328 3057 414 3116 mm,
442 3033 632 3128 puifirrper
645 3025 740 3102 limen
753 3053 921 3128 rerumque

86 3143 177 3216 solu
186 3038 498 3232 slrebestrgemr'noque
503 3134 590 3228 secie
609 3137 790 3205 commercio
803 3130 933 3204 mundo.

40 3283 94 3352 An
116 3301 184 3350 non
207 3275 352 3368 dicerer,
382 3275 510 3342 Poe'tam
532 3267 637 3363 hunc,
670 3269 845 3340 dourinam
868 3271 980 3362 Aegy.

39 3383 203 3473 priorum,
225 3377 273 3446 vri
291 3395 359 3444 earn
375 3392 462 3444 nunc
474 3369 636 3460 explicui,
670 3371 714 3440 de
728 3365 883 3449 Arzuhidm
914 3390 978 3442 tra·

39 3481 138 3578 dere,
166 3476 342 3572 paucisque
361 3494 464 3543 totam
495 3471 667 3560 compledi
695 3470 853 3543 voluiffe?
893 3473 977 3541 Nam

38 3579 154 3656 nnubo
175 3598 244 3652 erat
264 3598 418 3647 commune
438 3567 611 3673 profundis
628 3564 815 3675 superirque
841 3575 976 3686 Numen,

632 3719 633 3724 =
812 3729 816 3736 .
925 3691 976 3744 uu

35 3765 610 3862 *VidesnpeaLib.111.eep.1.§.o.‘
675 3821 681 3826 .
899 3693 924 3766 q
991 3799 994 3806 ·

35 3863 67 3900 '⁴'
84 3863 120 3926 de
135 3877 222 3946 ropru
242 3859 423 3948 Proserpinae
434 3860 498 3926 Lib.
513 3861 537 3922 1.
555 3879 583 3920 v.
599 3869 644 3934 89.

97 3973 177 4038 eom.
192 3969 244 4044 nr
448 3949 451 3963 '
575 3969 602 4032 o
