2492 4284
70 175 118 255 st
193 111 953 262 pronunciantem

13 341 103 420 itm
119 320 215 398 verba
234 318 391 424 lapidsbar
412 318 533 416 ieciſse,
559 320 718 418 trtasasia
732 319 952 400 narrantibus.

13 429 183 504 subinnuit
198 429 308 497 rusios
322 423 434 513 hicce,
454 422 597 517 quisquis
612 423 674 510 est,
697 447 806 494 arctus
824 425 953 516 religio·
1048 413 1056 424 “

14 531 60 600 nis
76 531 312 622 Aegyptiacae,
337 549 466 595 manere
478 525 613 619 quidem
629 525 720 596 incisa
735 527 892 620 lapidibus
916 543 951 592 et
1093 531 1095 534 ’
1117 528 1121 534 ’

15 630 120 708 Stelis;
142 627 197 698 sed
212 625 370 723 superesse
384 627 565 711 neminem,
598 627 655 718 qui
678 626 726 710 illa
748 628 835 695 norit
852 628 952 708 inter·
984 678 985 686 .
1078 659 1081 668 ·

15 731 148 825 pretori,
174 749 212 798 vr
226 725 365 820 proinde
377 749 511 813 excipe
526 725 701 818 priscorum
712 726 951 818 Aegyptiorum
977 781 983 800 .

14 829 210 923 medegia,
235 827 313 898 nihil
328 827 480 920 superfit,
503 849 600 920 quarn
617 825 699 898 solae
715 827 803 913 illius,
816 825 954 898 fabulae.
1075 857 1078 864 ·
1099 849 1104 872 ¹

15 933 90 1001 Non
112 953 164 1000 me
185 928 436 1045 quidempsugit,
460 927 598 1001 extitisse
611 929 665 996 illo
678 929 773 998 etiam
792 947 955 1018 tempore,

17 1051 50 1100 et
70 1031 240 1122 deinceps,
265 1051 324 1126 qut
313 1028 394 1101 srbi
408 1029 569 1101 seientiam
592 1026 767 1120 scripturae
790 1029 955 1120 hierogly-

17 1132 127 1225 plncae
138 1151 342 1226 arrogarent,
366 1150 452 1202 etre
467 1129 529 1224 ipsa
550 1151 688 1219 duoque
707 1151 784 1198 carra
806 1131 856 1198 illa
878 1129 955 1198 vlti-

19 1256 86 1304 rnae
109 1231 273 1304 vetustatis
294 1235 521 1322 monumenta,
552 1217 570 1278 Β
603 1228 730 1300 Obelist
733 1252 770 1298 os
803 1232 1005 1302 videlicetb.
1043 1237 1162 1296 Droso-

18 1335 109 1425 primi
123 1335 155 1403 in
173 1335 325 1428 Aegypto
340 1333 429 1410 aeui,
462 1330 550 1400 aliis
542 1348 839 1422 interpretarentur.
888 1331 955 1401 Vel
970 1335 1038 1382 RV⁸
1057 1320 1163 1388 'Ab-¹
1236 1355 1237 1402 3

19 1456 86 1504 rum
109 1457 151 1505 ex
166 1449 399 1508 stennone
423 1433 486 1502 iam
513 1430 759 1523 intelleximus,
785 1433 853 1527 pius
874 1428 996 1520 tem-P
977 1424 1053 1491 l'··⁵³
1067 1423 1164 1468 ΜΛ·
1236 1411 1237 1516 l

20 1557 98 1628 pore
122 1533 212 1606 fuisse
234 1510 361 1624 plures,
391 1535 490 1626 quir
458 1530 526 1601 fibi
549 1553 697 1601 veterum
719 1532 973 1630 Aegyptiorum
982 1492 1167 1652 xpum&

19 1633 196 1729 sapientiam
217 1655 250 1705 et
273 1631 414 1704 scientiar
434 1631 531 1702 sacras
549 1631 788 1716 attribuerent,
822 1651 958 1724 quarum
966 1595 1167 1724 excisi}
1216 1635 1237 1726 ¹3

20 1755 122 1806 tamen
153 1728 291 1828 reipsa
310 1735 402 1827 plane
429 1733 527 1804 essent
553 1751 715 1849 expertes.
789 1735 960 1804 Licebitn'e
980 1751 1024 1806 Λιι
1027 1745 1082 1808 nal.
1101 1749 1165 1810 Lib.
1236 1735 1237 1804 T

20 1838 112 1907 nobis
131 1837 218 1907 idem
241 1855 377 1928 quoque
394 1834 436 1904 de
450 1832 632 1904 recentibus
646 1853 856 1926 antrquorum
859 1836 959 1904 ⁹-0be
983 1835 1096 1895 nrno.
1105 1849 1167 1932 ΑΜ·
1236 1837 1237 1872 ³

20 1936 165 2008 lrscorum
189 1935 420 2028 interpretibus
440 1937 603 2028 cogitare?
629 1937 716 2018 Aut,
734 1936 889 2026 quoniam
913 1957 963 2004 res
983 1933 1112 1979 Mllffll‘i

21 2039 51 2105 in
71 2037 225 2111 obeliscis
244 2035 294 2106 his
312 2033 525 2127 inscriptae
507 2051 543 2104 et
562 2031 759 2124 insculptae,
788 2055 830 2106 ex
854 2057 962 2106 earum
984 2017 1162 2065 mmm
1236 2039 1237 2112 ι

23 2161 155 2210 numero
178 2163 245 2208 nou
268 2135 421 2206 videntur
441 2109 553 2220 foisse,
577 2155 714 2226 quarum
731 2089 892 2206 scientiarl
908 2135 964 2205 libi
984 2091 1104 2260 xpm
1098 2090 1237 2237 bi„

22 2237 92 2307 solis
112 2237 391 2322 reseruauerant
382 2237 568 2306 rnitiation'is
592 2235 760 2330 Magistri,
790 2213 962 2308 abstirdum

23 2361 85 2408 non
105 2343 168 2412 erit
187 2339 316 2424 dicere,
350 2357 472 2406 earum.
481 2337 653 2418 notitiam,
685 2337 864 2418 traditione
888 2359 963 2432 per·

24 2460 141 2533 petua,
176 2444 262 2513 inter
283 2437 473 2510 Sacerdotes
494 2456 637 2530 omnes,¹
676 2435 767 2506 fuisse
794 2437 964 2510 conserua·

24 2559 106 2622 tam
128 2562 162 2612 er
185 2541 273 2612 sorte
298 2539 392 2629 msam
413 2529 518 2606 libris
524 2537 584 2610 illia
604 2535 851 2609 sacerdotalibus
873 2561 964 2614 corn·

25 2641 251 2734 prehensum,
273 2635 488 2732 quasplures
521 2658 587 2722 nort
615 2639 722 2736 legere
744 2641 870 2722 modo;
905 2661 965 2710 xe·
1059 2703 1066 2708 .

27 2763 95 2812 rum
126 2765 161 2816 et
191 2741 380 2813 memoriter
408 2733 549 2810 ediscere
579 2739 853 2837 tenebantur.§
855 2744 969 2828 xus.
1078 2813 1083 2834 ¹

27 2845 71 2911 At
92 2867 173 2916 vero
192 2843 410 2940 aenigmatum
431 2839 736 2934 Theologicorum
728 2843 969 2935 interpretatio·

27 2965 98 3014 nem
121 2969 297 3030 arcanam,
328 2941 534 3038 regnantibus
559 2945 746 3018 Ptolemaeis
765 2941 971 3030 intercidisse,

28 3064 240 3116 ecunacum
265 3045 364 3142 prisca
388 3043 575 3130 initiationis
595 3039 779 3138 disciplina,
810 3042 970 3114 obliuioni

28 3163 203 3237 perpetuae
220 3146 398 3216 mandatam
412 3144 528 3233 soille}
548 3145 700 3218 arbitror.
769 3146 886 3216 Omnia
904 3147 970 3214 Ve-

29 3245 146 3318 tustatis
168 3251 411 3332 Monumenta,
452 3269 538 3338 quae
559 3267 646 3316 nunc
667 3243 857 3338 supersunt:
877 3245 972 3312 iatiu-

30 3356 93 3412 rani
116 3346 198 3418 banc
221 3344 373 3417 resarcire
397 3348 490 3416 nobis
512 3368 579 3416 nen
595 3345 747 3462 possunt.
848 3345 973 3414 Verum

31 3444 62 3512 Γ
64 3443 230 3538 heologrre
252 3445 506 3562 Aegyptiacae
497 3447 689 3563 ingenium,
726 3446 896 3542 genuinam
922 3443 973 3512 sa·

32 3539 177 3616 bularum
206 3547 319 3616 illius'
311 3547 638 3638 rnterpretationem,
670 3569 767 3618 nemo
789 3547 877 3627 iarn,
917 3539 975 3614 nili

34 3642 208 3716 diuinando
234 3665 270 3717 et
301 3647 513 3718 eonietlando
541 3645 659 3738 assequi
690 3649 787 3720 valet.
860 3645 976 3716 Labori

35 3737 111 3815 huie
126 3745 198 3819 sane
215 3743 416 3844 perdifficili,
442 3767 477 3820 et
499 3769 563 3843 ego
577 3767 652 3820 ante
665 3749 847 3844 permultos
865 3766 978 3835 annos,

819 3867 979 3922 manum
1055 3939 1059 3946 1
